2684 4317
395 411 597 468 THEBAIDOS
615 413 682 469 LIB.
698 413 744 467 Vl.

217 579 254 640 et
279 575 398 640 celsum
419 580 592 660 procurvat
614 574 755 661 Agyllea
778 576 916 661 Tydeus,

194 687 242 729 ius
268 668 361 749 tergo
383 668 414 729 et
436 665 571 752 genibus
595 664 721 729 vicinus
744 665 890 729 harenae.

196 777 259 836 em,
282 751 394 836 Alpini
416 753 515 818 veluti
538 754 650 840 regina
674 776 844 838 cupressus

214 843 368 928 urguenti
390 843 542 907 cervicem
565 842 701 907 inclinat
724 843 759 907 in
782 848 892 908 austro
1029 859 1081 907 868

194 932 339 996 eradica
361 934 479 1015 tenens,
502 936 673 1015 terraeque
696 933 901 1016 propinquat,

196 1043 250 1085 um
273 1019 429 1085 aetherias
452 1021 564 1085 eadem
587 1021 730 1085 reditura
752 1021 811 1085 sub
836 1043 943 1086 auras:

194 1130 243 1173 eus
266 1109 412 1195 ingentes
435 1114 523 1174 artus
547 1111 731 1193 praecelsus
755 1109 912 1195 Agylleus

201 1200 316 1281 premit
332 1221 533 1283 parvumque
552 1220 683 1284 gemens
699 1199 883 1284 duplicatur
896 1201 931 1264 in
945 1200 1083 1282 hostem,

194 1289 302 1353 alterna
312 1309 425 1353 manus
436 1288 642 1371 frontemque
651 1310 845 1372 umerosque
854 1289 1002 1372 latusque
1029 1305 1082 1353 866

194 1398 213 1439 e
233 1382 427 1461 pectoraque
450 1381 481 1442 et
504 1377 641 1442 vitantia
664 1400 758 1442 crura
780 1379 917 1443 lacessit.

194 1488 286 1550 ,mque
309 1466 365 1531 diu
387 1466 526 1551 pendent
549 1489 608 1550 per
630 1470 743 1530 mutua
766 1467 843 1531 fulti

194 1555 223 1637 ia,
242 1577 327 1620 nunc
351 1555 437 1619 saevi
460 1555 635 1641 digitorum
659 1556 789 1620 vincula
812 1555 978 1641 frangunt.

194 1663 202 1706 ε
221 1645 368 1710 ductores
391 1645 510 1730 gemini
533 1646 640 1730 gregis
664 1645 796 1709 horrida
821 1645 907 1708 tauri

194 1737 310 1819 rovent3
333 1733 440 1797 medio
464 1735 603 1798 coniunx
627 1738 693 1798 stat
717 1734 851 1798 candida
875 1738 968 1818 prato
1028 1750 1080 1797 866

194 1844 218 1885 n
238 1826 418 1906 expectans,
441 1827 596 1907 rumpunt
619 1823 739 1887 obnixa
763 1824 906 1886 furentes

194 1954 204 1992 ι,
224 1912 332 1976 subdit
355 1933 446 1976 amor
468 1911 617 1977 stimulos
641 1916 674 1976 et
697 1912 829 1976 volnere
853 1917 959 1976 sanat:

194 2021 218 2063 ro
239 2002 285 2065 sic
308 2000 405 2064 dente
428 2021 510 2084 sues,
532 2001 579 2066 sic
602 2000 729 2084 hispida
754 2005 863 2084 turpes

209 2089 328 2154 villosis
353 2089 466 2153 ineunt
489 2088 710 2174 complexibus
735 2090 809 2154 ursi.

194 2200 242 2242 em
265 2175 421 2263 Oenidae3
442 2200 501 2243 nec
524 2181 590 2243 sole
613 2183 669 2242 aut
693 2180 824 2262 pulvere
847 2179 926 2242 fessi
1026 2195 1079 2242 svo

194 2267 346 2351 ulabant,
368 2267 453 2353 riget
477 2272 546 2331 arta
569 2270 651 2332 cutis
677 2269 830 2351 durisque
853 2269 1001 2333 laborum

194 2357 326 2421 tatoris.
374 2359 486 2421 contre
508 2379 575 2421 non
598 2359 725 2442 integer
748 2358 802 2421 ille

194 2534 276 2542 ᾕ-

207 2654 344 2724 agyleal’
425 2661 477 2708 853
497 2655 666 2711 Summissus
686 2662 718 2710 P:
748 2635 808 2720 -urir
828 2656 862 2715 αἳ
941 2662 991 2709 865
1012 2656 1081 2709 Ver-

225 2726 356 2795 urguenti
375 2731 407 2779 P:
427 2729 481 2780 -tes
501 2746 541 2782 or:
561 2728 691 2799 ingentes
711 2733 734 2779 N
789 2727 817 2778 in
837 2732 903 2781 Pro:
929 2729 965 2780 ad
985 2732 1027 2778 168

195 2798 272 2866 o(ab
290 2815 314 2851 a.
333 2799 475 2867 Imtofiuv)
491 2800 644 2854 Baehrens:
664 2800 695 2852 in
714 2801 824 2853 austros
839 2804 901 2865 Por,
921 2799 967 2853 sed
986 2806 1080 2852 austro

1022 2883 1032 2911 8

194 2922 410 2986 8818888888888
423 2925 532 2977 arbores
544 2925 682 2978 inclinant
697 2927 808 2977 eervices
864 2929 914 2975 856
935 2926 1032 2988 tenent
1047 2923 1081 2983 αἱ

201 2989 361 3046 iamdudum
384 2998 449 3047 Pur:
479 2997 607 3048 actutum
635 2997 827 3049 Phillluvore'us
854 2996 931 3048 hored
958 2996 1028 3050 rivale

198 3067 212 3113 8
280 3069 330 3118 888
349 3063 499 3134 agylaus?
572 3071 623 3120 859
643 3067 751 3177 hotstem
768 3085 807 3120 or:
828 3069 905 3118 -teP
979 3073 1030 3120 860
1046 3067 1082 3120 Et

213 3185 270 3239 Iam
287 3193 317 3242 P:
346 3188 493 3256 Iamquef
581 3196 632 3244 861
651 3191 774 3244 vitantia
793 3190 838 3243 b¹:
868 3192 1030 3244 nutantia!

194 3291 304 3347 luctores
332 3293 367 3354 α’
448 3301 499 3349 866
524 3265 643 3362 obnixis
668 3297 702 3356 αἱ
766 3296 892 3350 furentes
916 3315 950 3351 ae
973 3298 1022 3350 -tis
1047 3303 1080 3350 B:

225 3403 274 3452 867
292 3378 405 3455 vrilnera
423 3402 470 3456 ³¹:
491 3402 606 3455 vulnera
625 3409 644 3455 P
700 3407 782 3456 sanat
800 3411 854 3458 Por
874 3406 903 3473 (i.
918 3421 938 3457 e.
959 3405 1081 3457 ocricolu-

195 3471 336 3540 amendot):
365 3472 443 3526 lavat
460 3492 498 3540 με
528 3474 628 3527 suadet
648 3475 717 3541 Leo,
737 3475 798 3528 Sea.
814 3481 883 3545 trop.
900 3477 922 3528 I
927 3492 956 3542 p.
974 3479 1027 3527 107
1071 3511 1075 3517 -

194 3537 286 3596 lmineo
309 3549 362 3597 Pb:
391 3545 449 3598 -uei
467 3564 504 3612 ω,
529 3548 563 3612 cf.
580 3550 635 3599 750
700 3563 763 3598 sues
785 3564 818 3600 ex
836 3563 879 3599 -os
898 3547 933 3596 Β1
988 3544 1081 3614 ὴὶερὶξ

194 3679 229 3729 >oe
250 3667 336 3737 (a)B
406 3668 500 3736 hispia
524 3669 560 3721 da
583 3674 616 3729 Q:
645 3670 782 3739 ispidaL
856 3674 907 3722 868
931 3617 1083 3722 villosisl.a

199 3786 256 3843 fessi
272 3795 307 3843 P:
330 3790 400 3842 fessa
420 3809 448 3846 ω
530 3798 581 3849 871
602 3795 680 3868 riget
705 3817 741 3857 erc
764 3803 851 3873 reget
868 3798 913 3855 w
961 3743 1090 3852 ἬΜ.
1115 3829 1119 3835 -
