2684 4317
212 412 312 465 LXXII
526 410 695 465 EDITORlS
714 409 920 464 PRAEFATIO

216 583 244 655 l,
260 582 323 638 772
342 583 472 656 recepto,
491 599 580 655 quem
599 583 718 657 praeter
732 578 911 638 Garrodium
925 598 1011 640 nemo
1026 579 1113 639 editos

213 670 267 728 vit.
303 669 432 744 pendere
452 672 551 727 autem
571 669 751 727 Etonensem
771 687 789 727 a
808 669 908 728 codice
927 667 1067 728 Oarolina
1085 685 1113 729 sc

214 761 335 817 exarato
351 762 478 834 apparet
496 777 531 816 ex
545 758 735 832 Aah.2,136
756 757 807 815 ubi
822 762 846 814 -t
863 757 962 816 finalis
977 777 1013 816 ea
1027 758 1113 834 script

214 848 340 906 venitur.
355 847 386 905 id
392 866 462 908 vero
470 847 621 922 exemplar
628 847 733 923 procul
740 847 830 905 dubio
840 847 983 906 collatum
991 849 1056 909 erut
1064 866 1113 907 cun

213 938 293 1012 plari
310 936 439 1012 quodam
459 937 667 1010 antiquissimo
687 935 819 995 eiusdem
838 938 940 1012 stirpis
960 936 999 994 ad
1019 955 1109 1011 quam

214 1026 305 1086 codex
328 1026 481 1101 pertinuit.
521 1026 600 1100 quod
620 1025 700 1100 apud
719 1025 929 1084 Benedictinos
951 1025 1061 1084 Italiae
1083 1027 1113 1085 in

213 1118 364 1174 servatum
384 1116 474 1174 tuisse
493 1133 554 1173 non
572 1117 701 1172 miratur
720 1114 771 1190 qui
791 1116 898 1190 quanti
916 1115 1007 1189 pretii
1025 1115 1113 1175 libros

214 1204 321 1277 derint,
340 1205 484 1261 memoria
502 1206 593 1262 tenet.
628 1221 718 1278 quam
737 1223 800 1262 rem
820 1202 1013 1262 Schenkelius
1035 1221 1113 1281 persl

214 1295 301 1369 nugis
325 1292 478 1352 obstruere
498 1295 621 1352 conatus
640 1296 685 1351 est
706 1292 876 1367 Gerrodius‚
900 1312 968 1352 cum
986 1293 1061 1351 dicit
1083 1295 1113 1353 in

214 1381 300 1441 leidis
324 1383 523 1457 praefatione:
545 1400 618 1440 cem
637 1384 714 1441 enim
732 1384 918 1455 credipotest
940 1383 1066 1441 codicem
1084 1399 1113 1455 φ

215 1489 280 1530 cum
307 1472 368 1530 solo
394 1471 542 1530 Putecneo
565 1473 717 1540 consentit,
739 1489 902 1544 numquam
923 1489 1024 1529 ceram
1047 1471 1113 1531 lecti

214 1560 361 1620 Putecmo
384 1563 538 1632 ceterisque
560 1562 703 1619 amissam
725 1561 877 1620 seruasse?
921 1563 1024 1634 itaque
1049 1579 1110 1621 non

214 1649 294 1726 quod
312 1650 493 1708 bibonensem
513 1650 733 1708 in-manifestis
753 1668 869 1725 quoque
888 1650 1113 1725 interpolationi

215 1741 318 1815 quitur
336 1739 420 1797 velut
438 1738 511 1797 Aah.
529 1741 556 1812 1,
568 1740 640 1797 506.
663 1741 691 1811 1,
703 1740 765 1797 723
785 1743 820 1796 ut
838 1739 899 1798 alia
917 1740 1066 1797 omittam.

283 1828 409 1902 denique
433 1831 467 1886 ut
485 1828 616 1886 breviter
639 1828 743 1903 qualia
766 1829 831 1887 fata
852 1828 945 1886 Statii
964 1827 1113 1887 Thebaidis

214 1918 386 1991 videantur,
411 1935 626 1993 proponamus,
652 1917 784 1976 omnium
811 1917 947 1976 codicum
972 1917 1113 1995 archetyp

215 2010 285 2066 ante
308 2009 449 2082 quartum
473 2007 624 2065 saeculum
647 2025 701 2064 nec
724 2008 825 2064 tamen
853 2009 921 2082 post
946 2008 1086 2081 quintum
1107 2025 1113 2067 t

214 2096 384 2170 procreavit
402 2096 520 2154 saeculo
541 2097 646 2170 quinto
666 2099 786 2153 sextove
804 2097 837 2153 in
856 2095 947 2153 ltalia
966 2094 1101 2155 codicem

215 2184 326 2244 eisdem
344 2184 529 2259 temporibus
552 2185 585 2242 in
604 2182 704 2242 Gallia
722 2186 861 2262 regnavit
881 2184 944 2243 eius
963 2186 1113 2261 progenies

215 2274 306 2332 codex
325 2273 376 2331 ille
394 2274 508 2332 Iuliani
530 2274 648 2332 saeculo
667 2277 774 2333 octavo
798 2274 901 2332 multis
921 2273 1038 2332 damnis
1058 2272 1113 2335 affe

216 2362 377 2421 Aelberhto
402 2363 625 2437 archiepiscopo
648 2363 830 2422 Eboraeensi
853 2362 885 2420 in
903 2363 1095 2422 Britanniam

216 2470 279 2511 esse
297 2453 471 2525 translatus,
490 2451 568 2510 unde
589 2451 689 2511 Caroli
707 2452 812 2528 Magni
830 2454 930 2510 aetate
948 2470 1003 2527 per
1020 2450 1113 2513 Alcui

216 2543 404 2600 coniecturae
423 2541 504 2599 locus
519 2539 618 2614 detur,
638 2543 701 2599 eius
721 2540 928 2619 apographum
941 2541 1069 2599 insulari
1088 2559 1113 2602 se

217 2633 372 2689 exaratum
390 2631 423 2687 in
442 2628 574 2688 Galliam
591 2631 738 2706 pervenit.
768 2649 785 2687 a
805 2648 863 2706 quo
883 2630 984 2689 codice
1002 2633 1113 2690 rector

216 2718 316 2779 cendit
334 2719 510 2778 Puteaneus¹
540 2720 643 2778 ecdem
662 2720 723 2778 fere
743 2722 842 2778 aetate
861 2720 909 2777 vel
930 2719 1020 2795 paulo
1038 2721 1110 2780 ante

215 2809 277 2868 bris
297 2810 419 2868 emersit
433 2807 523 2867 codex
543 2808 580 2867 ab
594 2809 683 2867 initio
697 2809 832 2880 mutilus,
851 2808 928 2867 unde
943 2808 1014 2866 libri
1028 2831 1057 2867 ω
1075 2827 1113 2885 pn

216 2902 293 2958 sunt.
330 2902 403 2956 tunc
422 2900 452 2955 et
471 2916 505 2955 ex
525 2897 635 2956 codicis
651 2903 677 2956 P
697 2898 859 2973 exemplari
877 2898 1020 2957 lectiones
1040 2917 1113 2972 quas

217 2987 350 3064 singulos
374 2986 488 3046 codices
508 3009 536 3044 ω
560 2988 756 3062 inrepserunt,
777 2988 807 3044 et
829 2988 862 3044 in
880 2985 956 3044 illud
975 3005 1010 3044 ex
1029 2987 1113 3047 alten

218 3077 364 3152 quaedam
378 3076 475 3135 inlata
490 3078 567 3135 sunt.
593 3094 610 3132 a
625 3075 799 3135 duodecimo
815 3077 876 3134 fere
891 3076 1010 3134 saeculo
1025 3074 1113 3135 cum'.

217 3169 247 3223 et
265 3165 410 3224 Achilleis
428 3167 526 3243 magis
546 3163 639 3222 etiam
662 3165 795 3223 lectitari
814 3167 937 3240 coeptae
955 3167 1063 3238 essent,
1082 3184 1113 3225 m

217 3255 295 3315 dices
315 3256 421 3331 scripti
439 3257 521 3327 sunt,
541 3253 637 3313 denuo
657 3256 688 3313 et
710 3255 790 3312 inter
808 3272 839 3312 se
858 3253 962 3312 collati
981 3257 1011 3312 et
1031 3273 1099 3314 cum

217 3344 294 3402 unde
306 3346 506 3404 recentiorum
517 3342 662 3402 librorum
672 3343 761 3401 turba
772 3334 819 3424 (ς)
835 3338 996 3402 emanavit.
1019 3343 1052 3401 in
1067 3343 1113 3420 qui

216 3433 280 3491 illic
295 3433 412 3509 aliquid
426 3434 505 3491 recte
524 3432 715 3491 emendatum
730 3435 783 3506 est,
802 3435 932 3492 ceterum
951 3433 1038 3508 probi
1053 3432 1113 3493 nihi

284 3613 426 3685 quoniam
449 3611 485 3670 de
509 3609 660 3670 codicibus
686 3613 874 3686 quaestiones
904 3611 1051 3686 quatenus
1078 3609 1113 3670 fic

209 3701 282 3769 erat,
303 3698 499 3774 absolvimus,
517 3701 613 3759 restat
632 3704 670 3761 ut
688 3699 824 3764 tabulam
842 3717 1042 3776 proponamus
1063 3717 1113 3759 eor

189 3783 313 3845 minum
334 3808 416 3864 quae
436 3793 471 3851 in
491 3797 649 3872 apparatu
669 3795 779 3858 critico
794 3788 994 3850 laudavimus.
