2684 4317
234 428 301 493 452
593 428 622 482 P.
640 427 765 483 PAPINI
782 427 888 483 srffl

235 594 374 678 raptoris
400 595 569 675 vastosque
592 591 703 678 legens
725 593 760 656 in
782 590 915 676 pulvere
938 593 1064 677 sulcos;

236 684 324 748 illius
348 682 471 746 insanis
494 681 673 745 ululatibus
697 681 766 765 ipse
792 681 934 768 remugit

235 771 416 836 Enceladus
440 774 601 854 ruptoque
624 769 693 834 vias
718 770 891 836 inluminat
914 769 997 856 igni:
1202 778 1256 837 ru*

237 861 466 945 Persephonen
489 881 599 923 amnes
623 859 723 923 silvae
745 859 829 923 freta
849 859 964 924 nubila
987 858 1140 943 clamant,

236 950 465 1034 Persephonen
487 951 614 1013 tantum
637 946 746 1034 Stygii
768 952 854 1013 tacet
877 948 951 1013 aula
977 949 1099 1013 mariti.

304 1039 456 1103 admonet
479 1037 658 1102 adtonitam
681 1037 765 1102 fidus
787 1037 974 1103 meminisse
1000 1036 1148 1103 Creontis

237 1129 322 1193 altor
344 1132 377 1192 et
400 1127 526 1193 occulto
551 1127 741 1192 submittere
763 1127 913 1210 lampada
934 1127 1034 1191 furto.

236 1217 349 1303 regina
372 1215 542 1302 Argolicas
564 1215 662 1280 modo
685 1215 860 1280 formidata
882 1238 941 1300 per
963 1215 1072 1299 urbes,
1193 1230 1227 1279 rso

236 1311 350 1371 votum
374 1307 503 1369 inmane
525 1304 632 1389 procis
656 1326 794 1390 spesque
817 1305 1050 1389 augustissima
1073 1305 1181 1391 gentis,

237 1400 332 1460 nocte
356 1396 415 1460 sub
439 1395 564 1477 infesta,
587 1393 677 1459 nullo
701 1394 782 1460 duce
804 1397 837 1458 et
860 1393 954 1458 hoste
978 1395 1168 1479 propinquo,

238 1485 308 1550 sola
330 1507 388 1570 per
412 1484 553 1549 offensus
576 1505 738 1549 armorum
762 1487 795 1546 et
817 1482 943 1547 lubrica
964 1483 1044 1548 tabo
1255 1478 1256 1483 ’

219 1575 393 1661 gramina,
416 1594 482 1638 non
505 1573 663 1656 tenebras,
686 1594 753 1636 non
776 1573 970 1637 circumfusa
993 1573 1175 1640 tremiscens

237 1663 375 1728 concilia
392 1663 579 1727 umbrarum
599 1665 695 1745 atque
714 1662 838 1726 animas
858 1684 916 1727 sua
934 1662 1083 1727 membra
1096 1665 1223 1748 gementes

238 1775 333 1835 saepe
357 1752 458 1838 gradu
482 1771 575 1815 caeco
600 1749 720 1815 ferrum
743 1750 929 1835 calcataque
952 1750 1018 1815 tela
1188 1764 1222 1814 888

239 1841 430 1924 dissimulat,
454 1841 604 1924 solusque
627 1839 720 1903 labor
743 1841 862 1904 vitasse
884 1841 1031 1924 iacentis,

238 1932 315 1995 dum
338 1930 435 1995 funus
459 1933 553 2013 putat
577 1951 672 1993 omne
696 1951 800 2011 suum,
822 1929 959 2012 visuque
983 1931 1093 2016 sagaci
1249 1950 1256 1991 s

238 2021 375 2085 rimatur
397 2021 523 2104 positos
547 2022 580 2082 et
604 2038 740 2101 corpora
762 2039 866 2102 prona
888 2019 1019 2102 supinat
1249 1994 1256 2109 l

239 2109 437 2186 incumbens,
462 2108 671 2192 queriturque
694 2129 808 2191 parum
832 2107 1017 2173 lucentibus
1041 2108 1142 2172 astris.
1187 2118 1220 2167 uc
1251 2112 1256 2179 t

306 2199 391 2262 forte
414 2197 608 2281 soporiferas
632 2195 712 2261 caeli
736 2199 858 2260 secreta
880 2219 938 2280 per
961 2195 1094 2261 umbras
1252 2186 1256 2243 l

238 2285 330 2370 luno,
354 2288 426 2351 sinu
450 2287 560 2371 magni
583 2289 683 2350 semet
706 2285 814 2349 furata
836 2285 953 2369 mariti,

239 2376 381 2440 Theseos
405 2376 444 2438 ad
467 2396 586 2457 muros,
609 2378 646 2437 ut
669 2374 802 2439 Pallada
825 2375 978 2458 flecteret,
1001 2374 1081 2458 ibat,

239 2465 504 2549 supplicibusque
527 2465 590 2547 piis
613 2463 724 2527 faciles
748 2465 887 2547 aperiret
909 2465 1066 2528 Athenas.

240 2559 337 2638 atque
360 2555 416 2619 ubi
440 2575 498 2636 per
522 2574 653 2637 campos
678 2574 786 2616 errore
810 2552 957 2617 fatiscere
983 2576 1066 2618 vano
1186 2561 1218 2611 898

239 2644 423 2708 inmeritam
447 2642 571 2728 Argian
595 2664 711 2726 supero
735 2642 879 2725 respexit
902 2643 941 2706 ab
966 2664 1035 2724 axe,

239 2733 379 2796 indoluit
403 2733 483 2815 visu,
511 2736 543 2795 et
564 2730 733 2796 lunaribus
758 2731 853 2795 obvia
875 2730 961 2816 bigis

240 2823 378 2886 advertit
401 2823 528 2885 vultum
550 2820 741 2903 placidaque
765 2820 811 2883 ita
834 2841 912 2884 voce
935 2821 1045 2885 locuta
1068 2825 1127 2884 est:

241 2911 293 2975 ‘da
316 2911 397 2975 mihi
420 2911 567 2994 poscenti
590 2931 707 2972 munus
730 2909 835 2992 breve,
861 2908 1009 2992 Cynthia,
1034 2909 1062 2973 si
1086 2909 1150 2993 quis

312 3092 363 3139 273
378 3087 598 3153 vastostosqueb
652 3083 1077 3153 275H(a)encheladus131.bv:
1095 3078 1188 3137 Hencel·
1197 3070 1219 3125 tf

293 3158 360 3228 igne
378 3176 404 3223 μ
486 3162 536 3209 278
561 3173 611 3210 om.
631 3155 679 3222 μῙ,
703 3156 767 3210 add.
787 3155 887 3227 u‘mq.
952 3155 1052 3210 Thesi—
1070 3173 1103 3211 σω
1119 3141 1218 3208 Pouet

239 3233 314 3300 (itero
331 3248 355 3284 u.
370 3231 437 3297 277)
500 3227 698 3296 Persephonen
716 3232 732 3280 b
757 3228 831 3296 (item
848 3244 872 3280 c.
888 3230 955 3296 277)
1039 3233 1090 3280 277
1113 3226 1185 3281 σπι]

240 3303 352 3355 tantum
372 3299 459 3369 stygii
478 3316 518 3352 ur:
548 3299 627 3368 stigii
651 3299 762 3352 tantum
782 3315 798 3357 ς
870 3303 920 3351 279
945 3297 1028 3352 Alter
1046 3298 1104 3367 (Ul-
1122 3300 1145 3365 0)
1160 3296 1181 3347 et
1192 3305 1218 3341 01²

240 3371 370 3426 Altior?
425 3369 564 3424 occultam
583 3388 609 3436 μ
683 3374 734 3423 280
754 3369 892 3441 argolicos
911 3386 944 3424 aa
958 3376 1030 3424 -asr
1100 3375 1144 3423 281
1160 3374 1219 3429 ausu·

241 3443 365 3498 stissima
378 3448 424 3494 Dc
497 3447 549 3495 284
568 3444 771 3495 tremescens?
844 3446 895 3494 287
909 3440 1016 3496 vitasse
1034 3440 1107 3494 2Νῆ
1125 3439 1219 3492 saxeo

294 3515 457 3568 iacentes?
539 3518 589 3565 289
610 3513 805 3624 ευρίηακξήὲῑ
882 3517 934 3566 290
954 3512 1147 3581 quaeriturque
1161 3505 1185 3559 l¹

236 3646 290 3697 292
313 3640 414 3715 magni
434 3660 475 3697 m:
499 3638 631 3713 mangi?
686 3640 851 3718 magistus
903 3641 956 3690 298
976 3638 1076 3707 argian
1090 3628 1220 3700 carroffi

223 3761 338 3827 ΡΒμν
398 3762 496 3814 arcer
571 3756 624 3806 aar
646 3725 703 3802 viu
723 3745 761 3797 nx
815 3740 922 3808 viper
974 3741 1231 3790 ausaausa-‚sa-

214 3850 286 3889 rum
309 3832 454 3909 (-s1}1.⁰)
477 3851 509 3889 ω
