2684 4317
175 426 178 433 ,
207 372 273 439 356
567 370 599 427 Ρ.
616 370 740 428 PAPINI
758 370 864 427 suam

207 536 335 620 iamque
358 535 455 601 miser
476 557 567 601 raros
590 536 725 600 comites
747 556 922 618 verumque
944 533 1064 601 videbat

206 624 339 708 Dorcea,
361 625 426 689 iam
449 625 534 690 vires
557 625 714 709 paulatim
737 624 908 693 abscedere
931 624 1035 690 sensit

207 714 307 779 sentit
329 718 362 778 et
384 713 556 779 exhaustas
579 734 689 779 umero
711 714 833 779 leviore
856 714 1028 798 pharetras,

208 805 271 869 iam
289 804 397 868 minus
416 807 513 887 atque
531 803 639 867 minus
657 802 722 869 fert
741 824 831 867 arma
848 825 991 887 puerque
1008 800 1088 867 videt

207 897 240 957 ot
262 892 333 976 sibi,
356 913 428 956 oum
452 896 545 957 torva
567 891 664 976 clipei
688 891 878 958 metuendus
902 893 1021 957 obarsit

205 984 278 1046 luce
300 981 420 1066 Dryas:
443 983 564 1046 tremor
586 1001 643 1045 ora
666 1003 780 1064 repens
804 1002 842 1045 ac
864 981 988 1046 viscera
1009 977 1088 1044 torsit

208 1070 364 1154 Arcados3
387 1074 488 1154 utque
510 1070 571 1135 feri
594 1073 756 1134 vectorem
779 1070 927 1135 fulminis
950 1071 1038 1135 albus

207 1181 280 1225 cum
303 1181 401 1244 supra
424 1160 565 1243 respexit
589 1160 668 1242 olor,
692 1160 783 1244 cupit
805 1158 930 1226 hiscere
952 1161 1051 1244 ripam

208 1247 399 1332 Strymonos
423 1252 455 1313 st
477 1247 620 1332 trepidas
643 1249 678 1311 in
701 1252 833 1332 pectora
856 1249 1016 1315 contrahit
1037 1249 1086 1313 ala

207 1339 253 1401 sic
275 1337 424 1402 iuvenem
448 1339 536 1402 saevi
558 1341 732 1420 conspecta
754 1339 839 1402 mole
863 1337 1025 1422 Dryantos

206 1426 270 1490 iam
294 1448 360 1490 non
383 1426 432 1491 ira
455 1425 553 1510 subit,
576 1426 631 1492 sed
654 1426 713 1491 leti
735 1429 870 1492 nuntius
892 1427 1016 1493 horror.

206 1537 295 1580 arma
317 1521 435 1599 tamen,
457 1515 578 1582 frustra
601 1537 736 1599 superos
760 1515 967 1601 Triviamque
990 1530 1083 1602 preca

207 1606 342 1669 molitur
364 1606 489 1690 pallens
513 1609 546 1670 et
569 1605 683 1670 surdos
707 1605 837 1690 expedit
860 1628 962 1673 arcus,

206 1695 335 1776 iamque
359 1695 459 1759 instat
481 1694 556 1759 telis
579 1699 612 1759 et
634 1697 806 1778 utramque
829 1695 954 1761 oblicus
978 1695 1012 1760 in
1033 1697 1081 1760 ulo

206 1805 326 1848 cornua
350 1782 512 1868 contingit
534 1804 686 1849 mucrone
710 1787 743 1851 et
765 1788 897 1868 pectora
919 1805 1027 1869 nervo,

206 1894 279 1937 cum
303 1872 393 1935 ducis
416 1871 515 1936 Aonii
538 1894 657 1958 magno
681 1874 746 1937 cita
768 1873 897 1938 turbine
922 1876 1029 1959 cuspis

205 1962 309 2025 fertur
332 1960 365 2023 in
389 1961 557 2025 adversum
581 1962 737 2047 nervique
760 1962 893 2046 obliqua
916 1964 1025 2029 sonori

206 2050 313 2114 vinela
336 2053 435 2112 secat:
459 2054 596 2133 pereunt
619 2051 704 2115 ictus
726 2051 941 2136 manibusque
963 2051 1077 2118 remiss:

206 2160 289 2202 vana
311 2139 463 2223 supinato
487 2139 674 2204 ceciderunt
697 2140 822 2224 spicula
844 2163 954 2207 cornu.

206 2232 284 2292 tunc
306 2229 405 2291 miser
427 2231 460 2291 et
483 2228 591 2294 frenos
615 2229 765 2293 turbatus
790 2235 821 2295 et
845 2253 934 2295 arma
955 2231 1076 2295 remisit

206 2317 348 2382 vulneris
373 2315 543 2401 inpatiens,
566 2317 669 2382 umeri
694 2318 780 2402 quod
803 2321 946 2406 tegmine
969 2320 1072 2385 dextri

206 2407 344 2471 intrarat
366 2407 559 2490 facilemque
583 2410 703 2472 cutem:
727 2408 816 2472 subit
840 2411 941 2474 altera
964 2410 1073 2494 cuspis

206 2496 452 2580 cornipedisque
476 2497 586 2581 fugam
609 2497 732 2560 succiso
756 2499 881 2583 poplite
904 2498 1000 2565 sistit.

277 2748 329 2797 852
349 2759 426 2796 raros
450 2761 491 2797 m:
519 2759 582 2799 raro
605 2750 626 2796 Ρ
702 2759 798 2798 verum
827 2745 1002 2812 comitesque
1026 2752 1043 2798 6

205 2831 260 2882 que
280 2833 320 2868 m:
345 2820 572 2882 superumque?
654 2820 705 2869 853
725 2815 871 2870 Dorcenc
935 2835 1059 2886 namque

206 2886 243 2938 sit
272 2892 349 2944 Pes:
379 2885 466 2939 sentit
493 2904 521 2940 ω
603 2891 655 2940 854
685 2886 777 2941 Sentit
799 2893 866 2954 Ρω,
894 2889 970 2957 quod
992 2893 1069 2945 retro

205 2993 437 3061 interpunctione:
458 2992 553 3047 Sensit
567 3011 584 3053 ς
598 2995 679 3065 vulpe
739 2998 790 3047 856
810 2970 919 3060 {barsit
933 2995 957 3047 1¹
1018 3001 1067 3051 856

205 3098 347 3167 thryasl’
409 3100 514 3154 tremor
536 3119 576 3154 m:
605 3106 707 3154 cre-P
797 3105 848 3154 858
873 3100 955 3156 albus
978 3121 1019 3158 m:
1049 3121 1066 3158 a

165 3210 169 3217 ’
206 3198 258 3258 Ι860
278 3205 463 3274 Strymonisr
518 3173 735 3261 contristamus
750 3207 784 3260 B³
839 3213 889 3262 861
907 3209 1065 3278 dryantise

205 3312 255 3365 -tis
274 3330 302 3366 ω
371 3317 423 3365 aaa
443 3313 603 3367 numinisc
672 3319 725 3367 aar
743 3290 841 3380 saio}0
855 3321 879 3367 r
934 3318 1064 3388 expetiti

259 3388 311 3437 865
330 3383 461 3452 obliquus
476 3404 516 3440 oo:
536 3385 641 3453 oblitus
655 3391 676 3437 P
694 3386 748 3455 frp.
764 3386 881 3441 Werd.¹:
902 3387 1025 3443 obnixus
1041 3392 1063 3445 f

258 3454 356 3507 ulnam
371 3474 410 3509 ωε
430 3463 592 3510 urnaml’·
629 3462 681 3510 866
701 3457 855 3527 contigitb
921 3464 975 3513 869
994 3477 1062 3516 recu

204 3528 308 3581 morire
363 3531 415 3580 870
434 3527 516 3582 Vana
530 3528 662 3597 supinato
677 3546 718 3583 m:
738 3528 875 3595 Vanaque
889 3531 995 3599 supino
1009 3539 1031 3586 P

199 3657 235 3708 P:
256 3668 314 3724 qua
333 3669 374 3708 or:
395 3610 511 3722 qiisiss
564 3653 689 3722 tegmine
708 3657 824 3713 aanor
841 3654 895 3724 frp.
913 3656 1034 3714 Werd.¹2
1054 3691 1061 3700 .

190 3765 249 3823 L⁰r
280 3731 337 3823 -riss
355 3764 401 3837 b¹)
422 3782 450 3820 ω
526 3767 582 3818 868
600 3776 704 3831 aspera
723 3776 747 3824 μ
813 3761 1023 3825 Saepissime<
