2684 4317
229 444 251 505 4
589 441 619 495 P.
638 439 764 494 PAPINI
782 439 887 495 STATI

230 608 409 669 servantem
433 609 541 669 tamen
566 604 708 668 adsiduis
733 604 946 670 circumvolat
968 603 1029 669 alis

229 716 321 758 saeva
345 695 412 760 dies
436 693 545 779 animi,
569 693 790 776 scelerumque
813 693 847 758 in
871 696 1001 777 pectore
1023 691 1128 758 Dirae.

229 788 309 849 tunc
331 804 449 848 vacuos
473 783 577 865 orbes,
601 782 737 847 crudum
761 804 798 848 ac
821 781 1006 847 miserabile
1029 782 1113 847 vitae

229 871 434 956 supplicium,
458 875 600 937 ostentat
623 873 713 935 caelo
737 871 951 955 manibusque
976 872 1117 938 cruentis

228 961 341 1046 palpat
364 963 458 1025 inane
482 960 588 1024 solum
612 982 770 1043 saevaque
793 960 840 1025 ita
863 981 942 1025 voce
964 964 1126 1044 precatur:

229 1051 283 1135 ‘di,
307 1054 415 1115 sontes
439 1049 562 1114 animas
586 1053 788 1135 angustaque
812 1049 946 1114 Tartara
967 1050 1081 1133 poenis

229 1141 285 1224 qui
309 1139 433 1225 regitis,
456 1143 556 1223 tuque
579 1139 756 1203 umbrifero
781 1137 863 1223 Styx
885 1138 987 1203 livida
1009 1139 1118 1223 fundo,

229 1251 326 1313 quam
350 1228 452 1312 video,
474 1227 679 1310 multumque
702 1228 784 1291 mihi
808 1231 961 1293 consueta
984 1228 1092 1292 vocari

229 1318 342 1402 adnue,
366 1316 552 1401 Tisiphone,
575 1338 790 1400 perversaque
813 1321 890 1381 vota
913 1317 1065 1381 secunda:

234 1408 262 1470 si
285 1406 367 1470 bene
391 1407 468 1490 quid
491 1406 605 1490 merui,
628 1406 656 1470 si
680 1427 731 1469 me
755 1406 795 1471 de
818 1409 922 1470 matre
945 1407 1111 1471 cadentem

228 1496 340 1560 fovisti
362 1495 486 1581 gremio
511 1498 543 1559 et
566 1495 737 1560 traiectum
760 1495 892 1560 vulnere
915 1496 1043 1579 plantas

228 1585 374 1668 firmasti,
398 1587 426 1649 si
449 1589 564 1670 stagna
586 1584 654 1668 peti
679 1582 833 1648 Cirrhaea
855 1585 981 1649 bicorni

228 1674 386 1738 interfusa
408 1675 495 1758 iugo,
518 1694 646 1756 possem
670 1694 743 1737 cum
768 1674 883 1758 degere
906 1673 989 1738 falso

230 1766 400 1827 contentus
422 1761 560 1846 Polybo,
582 1762 773 1845 trifidaeque
796 1762 830 1825 in
852 1760 1014 1827 Phocidos
1039 1767 1109 1828 arto

228 1852 421 1938 longaevum
445 1850 581 1935 inplicui
603 1841 712 1937 regem
738 1852 887 1934 secuique
910 1853 1079 1916 trementis

229 1943 403 2024 masonis,
428 1941 504 2004 dum
528 1961 647 2023 quaero
672 1945 807 2023 patrem,
831 1941 859 2005 si
882 1938 1048 2026 Sphingos
1070 1941 1148 2024 iuiq1

229 2029 364 2094 callidus
388 2028 540 2114 ambages
563 2033 596 2093 te
620 2033 899 2112 praemonstrante
922 2030 1052 2116 resolvi,

229 2121 257 2183 si
281 2119 383 2184 dulcis
405 2119 507 2182 furias
531 2122 564 2182 et
586 2118 794 2183 lamentabile
817 2119 930 2183 matris

230 2208 404 2273 conubium
427 2207 557 2293 gavisus
581 2207 627 2270 ini
649 2211 843 2291 noctemque
865 2208 1037 2273 nefandam

300 2441 333 2488 62
355 2436 439 2491 Closs.
455 2437 536 2490 Auct.
552 2435 594 2489 cd.
611 2435 668 2489 Mai
682 2435 721 2488 IX
735 2453 762 2505 p.
779 2440 830 2488 170
849 2435 944 2502 Dirae,
968 2455 1060 2490 -arum
1083 2437 1148 2492 furi!

228 2507 304 2574 quod
323 2506 409 2560 durae
424 2507 489 2561 sint.
508 2508 583 2561 unde
598 2506 705 2560 Statius
720 2507 807 2560 Theb.
823 2507 935 2562 sceleris
949 2511 1079 2576 perstant
1092 2509 1148 2579 inp

228 2577 314 2632 Dirae
378 2583 412 2631 60
431 2583 461 2632 Σ
475 2585 499 2640 1,
514 2585 548 2632 56
568 2595 632 2632 cum
651 2577 733 2632 dicit:
754 2579 777 2631 si
796 2577 869 2632 bene
888 2579 957 2647 quid
975 2580 1066 2633 merui
1129 2584 1148 2634 6

228 2655 280 2702 347
300 2650 430 2719 (Cirrha)
457 2650 546 2705 habet
561 2653 705 2720 ,stagnum
730 2649 857 2719 Apollini
885 2657 1086 2705 consecratum.
1132 2650 1148 2705 d

228 2721 289 2789 ipse
304 2720 345 2773 ait
359 2721 500 2789 superius:
520 2720 544 2774 si
558 2724 661 2790 stagna
675 2720 747 2790 petii
761 2719 894 2775 Cirrhaea
907 2722 1017 2776 bicorni
1071 2728 1104 2777 64
1119 2727 1148 2778 Σ

227 2794 261 2846 ut
278 2793 340 2860 ipse
358 2792 389 2845 in
406 2793 510 2861 primo:
530 2792 698 2860 trifidaeque
713 2833 719 2846 .
732 2835 737 2846 .
752 2808 849 2862 regem

301 3011 334 3058 52
354 3006 414 3058 dies
428 3012 495 3060 Por:
514 3005 575 3059 lues
589 3007 807 3061 Friesemanuus
826 3007 842 3060 l.
858 3007 875 3060 l.
896 3013 926 3060 at
943 3008 1003 3061 dics
1021 3010 1111 3063 anicii
1127 3024 1148 3065 oi

228 3079 302 3131 nocti
320 3079 469 3146 opponitur
537 3076 728 3146 scelerumque
747 3083 808 3130 Pon:
837 3075 1005 3146 pelluntque
1024 3081 1148 3136 Bocbrcn

228 3147 358 3216 liuntquo
379 3148 408 3202 0.
426 3149 531 3261 Mqllcr
550 3152 625 3202 1884
639 3166 669 3218 p.
681 3153 717 3203 15
755 3149 832 3202 dirae
851 3153 912 3203 Por:
933 3166 1015 3203 curae
1035 3152 1148 3207 Fricso!

282 3279 315 3327 63
344 3273 423 3328 Tunc
452 3273 545 3344 (Nunc
574 3273 617 3342 0¹)
644 3290 685 3328 or:
718 3273 791 3326 Tum
818 3279 838 3325 P
920 3279 954 3327 55
982 3274 1085 3344 palpat
1107 3274 1148 3333 Kl

228 3358 331 3450 Pdlpiat
344 3381 390 3435 1³¹:
405 3380 545 3435 Pulsatur
596 3385 630 3433 56
644 3379 693 3434 Dii
704 3380 892 3462 Ρξὶαθδῑμ
943 3387 977 3434 59
992 3381 1112 3436 tesifonc
1125 3398 1148 3439 oa

300 3510 333 3558 61
354 3501 655 3575 gremioeoegenio'f:
680 3463 767 3575 {cinnii
784 3504 817 3564 α’
886 3465 1008 3576 63iuggo
1021 3506 1056 3558 1²¹
1092 3522 1148 3576 pou

228 3611 333 3678 possim
352 3629 380 3666 ω
463 3618 497 3666 64
523 3611 619 3681 polipo
644 3616 693 3670 BQ
774 3583 1148 3682 artd⁰1³¹1st=artomrlooe

219 3697 257 3732 ex
269 3698 316 3734 -vo
332 3683 376 3736 0¹:
391 3700 460 3738 arvo
475 3684 576 3756 c’my.)
591 3700 632 3738 or:
648 3699 711 3736 arce
727 3687 806 3739 ΒΙν
821 3687 875 3754 (-ce
890 3685 921 3737 in
935 3701 991 3738 ros.
1006 3683 1083 3755 121¹)
1144 3696 1148 3737 ι

201 3748 335 3811 plicui?
396 3761 432 3810 66
446 3756 569 3903 spingos
585 3758 703 3828 (spy·b:
719 3756 797 3827 detq
814 3760 963 3822 Ehlluh
1021 3761 1055 3809 67
1070 3759 1148 3815 temo

190 3819 311 3875 straete
331 3832 351 3877 6·
357 3826 367 3856 ¹
388 3831 511 3897 (eom-‚c
617 3835 655 3887 68
677 3829 816 3886 dsiccar
891 3831 926 3880 66
943 3826 1112 3879 inuium*
