2684 4317
222 419 291 485 314
586 419 615 472 Ρ.
635 418 761 473 PAPINI
779 417 885 472 STATI

224 586 256 648 et
278 586 464 667 poscentem
487 582 596 646 hastas
620 582 788 666 mediaque
812 581 847 645 in
870 585 975 647 morte
997 603 1053 667 neg

223 673 385 756 exspirare
406 671 549 755 trahunt,
572 671 753 756 summique
775 672 811 735 in
833 671 980 756 margine
1002 693 1052 736 car

222 762 371 827 effultum
394 761 522 846 gemina
544 760 646 824 letera
669 759 857 841 inclinantia
878 783 993 843 parma

222 854 358 935 ponunt,
380 872 418 915 ac
440 851 528 914 saevi
550 849 731 914 rediturum
754 849 794 912 ad
817 849 944 932 proelia
967 849 1051 914 Mart

222 942 418 1024 promittunt
440 939 563 1004 flentes.
610 939 665 1003 sed
689 942 721 1002 et
744 938 813 1023 ipse
835 938 984 1002 recedere
1008 961 1050 1004 car

222 1030 433 1114 ingentesque
457 1029 580 1092 animos
603 1032 746 1093 extremo
769 1027 892 1112 frigore
915 1027 984 1092 labi

223 1120 332 1200 sensit,
355 1123 388 1182 et
410 1117 540 1182 innixus
563 1122 666 1181 terrae
691 1117 909 1182 ‘miserescite'
936 1117 1048 1182 clamat

224 1206 419 1272 ‘Inachidae
442 1229 509 1272 non
532 1228 604 1271 ossa
626 1227 741 1290 precor
763 1206 946 1270 referantur
968 1210 1004 1271 ut
1028 1204 1047 1269 A

222 1294 415 1361 Aetolumve
438 1295 551 1379 larem,
574 1317 633 1360 nec
656 1297 743 1360 enim
764 1294 845 1359 mihi
869 1317 947 1359 cura
971 1317 1046 1378 supr

221 1386 357 1450 funeris:
381 1385 434 1449 odi
458 1390 547 1449 artus
570 1384 784 1470 fragilemque
806 1383 894 1449 hunc
916 1385 1044 1468 corpori

223 1475 418 1538 desertorem
442 1475 549 1538 animi.
595 1477 701 1556 caput,
725 1495 744 1538 o
769 1477 873 1556 eaput,
898 1494 916 1536 o
941 1473 1022 1538 mihi

221 1563 379 1647 adportet,
402 1562 594 1648 Melanippe,
617 1565 724 1626 tuuml
747 1584 822 1626 narn
844 1560 985 1626 volveris
1010 1585 1043 1626 ar

224 1652 289 1716 fido
314 1653 470 1736 equidem,
493 1674 552 1717 nec
574 1674 624 1716 me
646 1651 752 1716 virtus
776 1672 924 1734 suprema
947 1651 1042 1716 fefell:

222 1742 242 1821 i,
265 1764 388 1826 precor,
411 1741 504 1805 Atrei
528 1742 556 1804 si
581 1742 659 1825 quid
681 1740 744 1805 tibi
767 1740 935 1824 sanguinis
959 1763 1041 1825 umq‘

220 1829 458 1915 Hippomedon,
481 1831 570 1911 vade,
593 1852 612 1893 o
636 1830 749 1913 primis
772 1851 853 1912 puer
876 1829 998 1913 inclyte
1022 1830 1039 1894 h

220 1918 332 2005 Areae,
356 1925 388 1984 et
410 1919 583 2006 Argolicae
607 1917 757 2002 Capaneu
780 1919 844 1981 iam
868 1919 1039 1983 maximat

288 2009 368 2073 moti
379 2030 498 2090 omnes,
513 2009 569 2073 sed
583 2008 708 2091 primus
719 2007 787 2072 abit
801 2009 989 2091 primusque
1004 2031 1037 2072 re

220 2097 395 2162 Astaciden
421 2097 526 2161 medio
552 2096 718 2180 Capaneus
743 2118 760 2159 e
782 2099 914 2179 pulvere
937 2097 1028 2161 tollit

221 2186 397 2270 spirantem
420 2185 573 2270 laevaque
597 2206 694 2268 super
718 2185 840 2250 cervice
863 2190 1020 2269 reportat,

221 2280 313 2359 terga
336 2278 557 2340 cruentantem
581 2276 730 2339 concussi
752 2275 894 2339 vulneris
918 2275 1019 2339 unda:

294 2492 344 2539 738
366 2487 462 2541 Claud.
480 2487 568 2540 Maru.
584 2487 619 2538 de
634 2488 711 2539 statu
727 2502 770 2538 an.
788 2493 811 2552 1,
823 2490 856 2538 20
875 2502 932 2539 non
947 2486 1033 2554 poeti«

220 2558 335 2627 sophiae
363 2557 499 2626 Papinius
527 2558 580 2611 ait:
609 2557 657 2610 odi
730 2557 825 2610 animi.
874 2558 965 2626 Myra.
990 2556 1032 2611 Va

219 2645 311 2697 neque
335 2629 410 2683 enim
432 2647 529 2682 verum
553 2631 595 2681 est
618 2629 741 2681 animam
766 2629 892 2681 deserere
916 2645 1031 2697 corpus,

219 2718 320 2770 corpus
348 2701 471 2754 animam
500 2701 618 2753 deserat.
656 2699 723 2752 hinc
747 2702 775 2751 et
799 2698 956 2753 Simonides
980 2716 1031 2768 poe

220 2771 321 2826 itidem
339 2773 369 2826 in
389 2775 487 2826 octavo
502 2771 675 2825 Thebaidos:
696 2771 744 2825 odi
817 2770 904 2823 animi
979 2776 1030 2824 743

221 2849 281 2910 301,
298 2851 329 2899 11
351 2849 474 2914 (propter
487 2845 641 2899 vocativum
655 2842 797 2911 Capaneu)
818 2842 925 2895 Statius
945 2842 975 2894 in
990 2842 1029 2895 VI

221 2917 291 2971 vade
310 2933 326 2970 o
342 2959 365 2970 ..
380 2921 490 2970 turmae

649 3058 726 3097 telina
941 3069 953 3095 r

293 3118 344 3166 730
358 3113 505 3166 thrauntb
562 3116 611 3164 731
627 3110 808 3180 indignantia
821 3109 854 3164 ν’
903 3109 1029 3178 palma?

218 3185 291 3252 (seni
309 3187 401 3252 μ)ω;
421 3183 528 3237 safuiP
546 3185 654 3251 (FoeE)
729 3186 779 3234 733
795 3184 824 3234 et
838 3187 920 3235 ocus
976 3181 1027 3249 ipsi

220 3260 271 3308 737
295 3256 360 3325 ue}
381 3255 469 3308 larem
492 3253 535 3323 (l)
558 3260 572 3306 i
633 3269 764 3321 suprema
787 3251 823 3304 ri
846 3253 870 3304 1¹
953 3257 1006 3306 738
1026 3253 1027 3304 J

219 3331 271 3379 740
299 3326 461 3395 Melanippa
488 3325 630 3380 Manlius:
658 3324 819 3393 menalippe
843 3329 909 3377 Pur:
938 3323 1027 3393 melip

227 3471 239 3509 f
274 3403 324 3450 741
345 3413 495 3466 supprema
513 3401 561 3455 BQ
642 3395 745 3449 fefellit
764 3413 804 3448 eo:
833 3393 991 3506 repellitffl’i
1010 3396 1026 3465 (l

932 3478 981 3506 ae

238 3481 250 3509 Θ

217 3521 330 3592 {fallit
339 3521 379 3573 11⁰
433 3527 484 3573 742
495 3521 567 3575 atrei
577 3521 710 3574 PB²or22
722 3519 829 3572 arcadii
839 3519 911 3578 Bla:
924 3520 1026 3573 arcadi

217 3593 304 3664 Argei
319 3593 455 3648 Schrader
472 3594 563 3659 formu
576 3609 634 3646 uon
647 3592 786 3655 statuaria,
806 3592 840 3656 cf.
855 3591 883 3644 0.
901 3591 1016 3656 Mailler,

206 3668 366 3737 2071903)
381 3669 484 3738 1219&
566 3668 617 3716 743
639 3662 711 3716 vade
734 3680 774 3715 ur:
803 3661 908 3714 valeP
989 3669 1025 3716 74

199 3739 312 3798 Prisc:
335 3745 462 3796 neus?
538 3743 592 3791 743
609 3735 687 3789 nou
704 3751 736 3788 eu
748 3733 906 3784 metuens
960 3733 1024 3787 ah't

193 3818 254 3871 748
274 3816 526 3883 cruentant-atem
543 3807 583 3865 L⁶
