2684 4317
470 410 640 466 EDITORIS
659 412 867 467 PRAEFATIO
1080 413 1180 467 LXXV

152 583 288 657 diaulia,
297 583 527 642 Observationes
539 583 656 640 criticae
667 586 694 640 et
702 586 913 656 grarmnotr'oae
925 585 965 641 ad
974 584 1007 642 P.
1017 584 1180 659 Pupiniam

197 671 331 731 Statium
370 671 442 731 diss.
462 670 666 730 Vratislaviae
689 671 783 729 1863.

162 765 272 845 Owen,
291 769 386 829 Glass.
406 769 480 828 Rev.
503 769 543 826 19
564 760 682 848 (1905)
702 762 891 849 p.172sq.1)

165 865 352 943 Peyraredi
376 868 565 926 coniecturas
590 885 624 925 ex
648 866 762 924 schedis
787 865 1029 926 Beroliuensibus
1052 867 1181 944 protulit

206 956 315 1017 Mulier.

173 1042 381 1107 Phillimorii
399 1046 590 1106 oonieoturae
608 1043 689 1119 apud
709 1041 897 1117 Garrodium‚

176 1130 341 1212 Postgatii
359 1134 441 1211 apud
456 1133 652 1194 Wilkiusium
670 1135 843 1209 propositae
858 1137 935 1191 sunt.
969 1137 1126 1209 praeterea
1145 1134 1176 1190 of

158 1264 163 1269 -
215 1221 294 1283 clm.
312 1225 385 1283 Rev.
409 1224 450 1282 18
470 1215 589 1304 (1904)
609 1243 637 1299 p.
655 1224 729 1282 3012

185 1316 312 1386 Queekii
330 1322 424 1382 editio
443 1320 483 1379 Π.
521 1319 641 1396 Lipsiae
664 1321 758 1378 1854,

187 1413 408 1494 tardstroem,
427 1418 537 1478 Stadia
555 1419 656 1476 critica
673 1420 707 1476 ta
724 1418 885 1491 Papirium
903 1416 1041 1476 Statium.
1070 1417 1185 1492 Upsala

220 1510 395 1570 universitate
415 1506 558 1568 drsskrift
579 1507 673 1567 1878.

129 1638 135 1674 ·.
191 1590 356 1657 tetraderi
373 1599 564 1659 coniecturas
588 1595 683 1654 edidit
700 1595 851 1672 Hauptius
871 1593 978 1672 Opuso.
998 1595 1046 1654 ΠΙ
1066 1589 1184 1679 (1876)

194 1689 553 1837 tedidddiusldd'rrenkii
571 1775 686 1833 sohedis
702 1772 1014 1849 apudKohlmannum
1033 1775 1183 1834 laudatur.

195 1856 302 1923 Slateri
318 1869 510 1926 coniecturae
529 1863 609 1939 apud
628 1863 823 1921 Wilkiusium
841 1864 1042 1938 proferuntur.

195 1953 397 2042 Tiliobrogae
417 1952 663 2045 (Lindeubrogii)
683 1961 775 2019 editio
794 1960 920 2019 Parisiis
941 1963 1035 2019 1600.

134 2090 139 2116 ι
197 2049 298 2136 Unger,
314 2063 346 2121 P.
366 2061 493 2136 Papinii
509 2059 598 2119 Statii
612 2059 724 2132 Eulogo
742 2060 854 2117 altimo.
888 2059 1028 2117 accedunt
1045 2059 1080 2116 de
1099 2058 1185 2133 Statu

227 2143 280 2207 louis
295 2151 487 2210 anteversio
506 2151 695 2208 contestarios.
733 2148 837 2206 Novae
858 2146 1009 2207 Strelitiae
1032 2148 1125 2205 1868.

133 2321 136 2325 ,
199 2236 329 2324 Vollmer,
348 2249 458 2308 Rheiu.
478 2247 554 2306 Mus.
574 2248 613 2305 51
636 2238 753 2327 (1896)
773 2266 802 2322 p.
819 2247 960 2304 27—34.

199 2332 383 2406 Wakefieldi
402 2348 592 2406 coniecturae
611 2345 691 2420 apud
709 2343 870 2402 Miillerum
889 2343 1059 2401 laudantur.

199 2422 303 2509 Weber,
314 2437 518 2495 oommentotio
532 2435 568 2492 de
580 2432 658 2492 Stati
673 2433 769 2492 rodim
785 2432 962 2491 Cossutiano.
991 2451 1089 2508 progr.
1104 2432 1183 2489 Mar-

137 2676 152 2699 ἐ,
202 2515 474 2673 deti'dslid5dditio
497 2611 626 2670 Londini
654 2613 739 2669 1904
764 2602 895 2691 (Corpore
918 2610 1076 2669 Poetarum
1100 2610 1185 2669 Lati-

229 2714 310 2760 em
328 2703 371 2762 eu.
386 2704 524 2775 Possem
537 2694 611 2781 rr).

245 2815 411 2884 apparatum
430 2809 569 2868 criticum
583 2808 625 2867 sio
639 2807 769 2882 institui,
789 2810 823 2865 ut
842 2806 1020 2882 ubicumque
1040 2825 1057 2864 a
1077 2806 1186 2864 codicis

202 2883 307 2956 Puera
327 2899 443 2958 litteris
469 2897 667 2972 recessissem,
693 2897 913 2956 accuratissime
939 2896 1126 2968 adnotarem,
1151 2915 1185 2954 ex

203 2977 289 3057 reliquis
305 2992 408 3047 autem
428 2987 514 3045 libris
537 3004 586 3045 eas
609 2987 799 3062 potissimum
819 2985 960 3043 lectiones
980 2984 1186 3057 adserihemm,

148 3146 163 3161 „
204 3069 277 3140 quim
292 3081 344 3136 aut
362 3077 399 3136 de
421 3075 536 3153 origine
555 3075 744 3153 singulorum
764 3073 878 3149 aliquid
898 3073 1027 3132 efficitur
1046 3077 1099 3132 aut
1118 3092 1186 3151 eog-

132 3153 144 3161 ..
204 3160 258 3219 ”fio
272 3167 401 3226 oodieum
425 3166 605 3224 illustretur.
647 3183 707 3240 que
725 3165 758 3222 in
776 3183 808 3222 re
829 3163 866 3222 ad
884 3165 951 3238 ipsa
970 3166 1076 3239 poetae
1095 3163 1187 3221 verba

203 3254 372 3314 ouatuenda
401 3253 549 3312 nonnulla
572 3253 671 3312 omitti
695 3254 827 3330 potuisse
852 3255 942 3328 atque
966 3272 1028 3312 esse
1052 3253 1187 3311 homiues

147 3402 157 3412 ,
205 3334 279 3405 quta
294 3345 416 3404 inutiles
435 3361 488 3403 eae
507 3343 647 3420 ambages
663 3343 830 3416 videantur,
850 3361 887 3400 ne
907 3360 961 3419 ego
981 3341 1102 3417 quidem
1122 3360 1187 3399 sum

131 3421 165 3457 ³¹¹·
205 3427 291 3492 udus.
329 3434 381 3494 sed
402 3436 433 3492 et
455 3433 488 3490 iu
507 3432 632 3508 singulis
651 3431 736 3492 libris
752 3430 966 3489 vetustioribus
985 3449 1056 3489 vera
1075 3429 1188 3488 tradita

205 3524 245 3571 ⁸³⁰
260 3537 335 3594 posse
358 3521 479 3582 ostendi
501 3525 532 3579 et
554 3522 711 3581 historiam
737 3523 836 3579 textus
856 3520 987 3578 Statiani
1006 3519 1137 3577 indicare
1156 3519 1187 3575 iu

207 3600 274 3666 ⁸timo
291 3611 388 3671 habui.
428 3612 477 3670 eui
501 3611 544 3670 rei
568 3610 647 3669 male
671 3612 806 3686 profesto
829 3608 1051 3681 consuluissem,
1071 3609 1097 3667 si
1116 3608 1187 3665 duo·

210 3715 379 3740 &N—

252 3807 309 3868 1)1'u
322 3811 392 3860 uota
408 3805 448 3859 ad
464 3811 505 3872 10,
521 3812 577 3862 527
593 3809 722 3884 corrige:
742 3815 787 3873 oet
808 3833 902 3874 assere
924 3815 1011 3874 duro.
