2684 4317
210 387 276 451 284
569 387 599 443 P.
619 387 744 441 PAPINI
763 387 869 442 STATI

209 551 285 615 faxo
308 552 374 616 hau
397 550 439 615 sit
462 552 586 616 cunetis
608 551 713 616 levior
735 555 840 615 metus
865 554 935 616 atra
957 575 1086 618 movere

210 640 352 725 Tartara,
374 640 539 704 frondenti
564 662 660 723 quam
684 641 817 726 iungere
839 639 955 705 Pelion
978 639 1096 705 Ossae'

210 729 348 814 dixerat3
372 733 469 812 atque
492 731 541 794 illi
564 729 753 793 iamdudum
775 730 864 814 regia
887 731 993 795 tristis

210 819 356 883 attremit
379 818 495 901 oranti,
518 840 639 901 suaque
664 823 697 882 et
717 841 802 902 quae
825 818 964 902 desuper
987 823 1103 906 urguet

210 908 346 972 nutabat
368 907 479 972 tellus:
503 929 569 971 non
592 908 710 972 fortius
734 908 865 972 aethera
888 908 982 972 vultu

209 1001 341 1081 torquet
365 1001 398 1061 et
420 997 586 1061 astriferos
609 998 745 1061 inclinat
767 993 915 1080 luppiter
937 1017 1023 1061 axes.

279 1088 324 1150 ‘at
347 1085 408 1150 tibi
432 1087 525 1169 quos'
549 1085 665 1170 inquit,
690 1087 820 1160 ‘manes
844 1087 900 1169 qui
923 1087 1030 1151 limite
1051 1105 1166 1170 praece}

210 1197 277 1240 non
298 1176 389 1240 licito
413 1197 471 1258 per
494 1175 589 1239 inane
612 1175 714 1238 misr’
739 1175 826 1239 subit
848 1175 904 1239 ille
928 1175 1103 1240 minantem

210 1265 275 1328 iam
299 1265 405 1328 tenuis
429 1264 509 1345 visu,
533 1266 597 1327 iam
622 1264 869 1328 vanescentibus
893 1264 1003 1348 armis,

210 1355 275 1417 iam
299 1354 409 1437 pedes:
433 1353 577 1417 extincto
601 1358 711 1417 tamen
733 1354 931 1437 interceptus
953 1355 990 1418 in
1013 1375 1067 1418 ore

211 1442 338 1528 augurii
361 1442 514 1525 perdurat
536 1442 651 1525 honos,
675 1441 875 1526 obscuraque
897 1443 1002 1507 fronti

211 1532 295 1595 vitta
318 1535 435 1609 manet,
458 1552 649 1614 ramumque
671 1535 761 1595 tenet
783 1532 953 1596 morientis
979 1532 1091 1596 olivae.

211 1621 251 1684 ‘si
274 1619 351 1684 lieet
374 1625 407 1684 et
430 1620 551 1685 sanctis
573 1621 628 1685 hic
650 1641 709 1684 ora
730 1623 890 1685 resolvere
912 1620 964 1685 fes
991 1627 1041 1686 est

211 1709 369 1793 manibus,
394 1730 412 1773 o
438 1709 562 1774 cunctis
586 1709 698 1773 finitor
721 1709 860 1774 maxime
883 1731 1002 1794 rerum,

212 1798 359 1881 etmihi,
382 1798 439 1882 qui
463 1799 626 1881 quondam
650 1819 761 1863 causas
786 1799 1009 1883 elementaque
1031 1820 1147 1880 noram,

212 1892 245 1952 et
268 1891 364 1970 sator,
388 1909 454 1964 oro,
476 1889 582 1951 minas
606 1886 836 1972 stimulataque
860 1888 958 1953 corda
981 1889 1128 1969 remulce,

210 1998 290 2040 neve
314 1976 362 2040 ira
386 1976 518 2060 dignare
541 1977 706 2040 hominem
730 1981 763 2040 et
786 1981 843 2041 tua
865 1978 937 2040 iura
960 1977 1133 2059 timentem,

210 2087 285 2129 nam
295 2064 909 2130 necadHerculeos—undehaecmihi
917 2066 1166 2150 proeliar-rap

211 2177 271 2219 nec
280 2154 440 2218 Venerem
455 2154 613 2218 inlicitam
628 2191 670 2200 —
686 2153 780 2218 crede
793 2156 845 2219 his
859 2156 1044 2241 insignibus
1059 2173 1166 2217 —aus

210 2245 367 2307 intramus
391 2242 529 2307 Lethen:
552 2244 657 2328 fugiat
680 2265 721 2305 ne
744 2244 849 2308 tristis
872 2245 907 2308 in
930 2250 1060 2309 antrum

212 2331 378 2415 Cerberus
402 2337 459 2396 aut
481 2337 610 2397 nostros
633 2333 747 2396 timeat
770 2332 965 2417 Proserpina
988 2354 1104 2398 currus.

210 2444 315 2507 augur
337 2420 520 2506 Apollineis
543 2422 640 2486 modo
665 2422 893 2487 dilectissimus
918 2424 992 2506 aris,

283 2638 316 2685 91
341 2634 413 2687 Sero.
433 2634 501 2685 Aen.
523 2640 552 2699 6,
573 2639 623 2686 289
658 2632 766 2687 dictum
794 2649 854 2687 esse
882 2633 1008 2687 omnium
1035 2649 1125 2687 rerum
1148 2627 1166 2683 il

211 2704 349 2772 quasdam
363 2704 393 2756 id
412 2706 456 2757 est
469 2704 616 2773 imagines,
637 2705 674 2757 ad
688 2721 807 2773 quarum
822 2705 1039 2759 similitudinem
1052 2717 1166 2772 procreet

210 2776 350 2829 universa.
369 2775 437 2829 hinc
456 2778 500 2830 est
518 2776 593 2844 quod
607 2776 638 2828 in
653 2775 744 2830 Statio
759 2775 948 2845 Amphiaraus
968 2779 1036 2845 (vor.
1052 2773 1166 2828 Thiodtu

210 2847 325 2901 Plutoni
345 2847 427 2901 dicit:
448 2848 578 2901 omnibus
597 2847 692 2900 finitor
710 2863 802 2901 rerum
822 2864 882 2902 esse
901 2847 1015 2913 videris,
1033 2846 1103 2900 mihi
1120 2859 1166 2899 ven

212 2923 295 2974 sator.
333 2921 368 2986 cf.
384 2920 475 2989 Myth.
490 2918 583 2973 Vatio.
599 2924 624 2985 3,
640 2924 664 2984 6,
682 2929 695 2971 1

284 3157 317 3205 τε
335 3117 427 3205 hausit
447 3151 492 3205 ve
517 3150 595 3203 haue
613 3149 651 3203 sit
664 3156 727 3216 ra,
747 3151 781 3217 cf.
798 3156 822 3216 1,
832 3152 889 3204 aee
973 3155 1006 3204 aa
1026 3147 1166 3203 Nuuvitr

211 3223 314 3277 fortius
332 3225 404 3278 iuter
422 3224 595 3277 screteadum
613 3239 647 3276 ex
664 3239 707 3274 -as
726 3222 751 3273 1¹
828 3226 862 3275 84
881 3219 919 3274 Et
938 3227 959 3281 α
1037 3226 1070 3274 86
1089 3218 1166 3274 tenuit

210 3310 253 3348 -es
272 3294 307 3346 1³1
388 3298 512 3348 ese-146
531 3295 599 3360 folio
618 3295 720 3348 inserto
742 3293 862 3361 suppleti
884 3294 916 3346 ia
936 3297 957 3352 Q
980 3310 1048 3348 saec.
1065 3288 1166 3363 xmp

265 3371 299 3420 87
318 3366 493 3434 interceptus
512 3371 578 3419 Pur:
598 3363 778 3432 indecerptus
797 3365 943 3430 Bantius,
958 3366 1032 3434 quod
1048 3364 1166 3476 rtempiem

211 3498 285 3556 esset,
313 3492 371 3545 uisi
397 3491 467 3544 ciba
485 3491 601 3544 obseura
628 3490 762 3543 diceretur
789 3506 812 3542 o.
833 3492 871 3541 88
963 3493 997 3542 89
1026 3488 1094 3543 Vite
1116 3486 1164 3542 1²¹1

212 3567 245 3614 90
270 3561 384 3616 Scilicet
402 3560 494 3612 PM:
524 3559 571 3630 ΒΞῘ
590 3560 646 3613 lc
737 3565 768 3612 92
794 3559 951 3613 condemn
1043 3566 1076 3614 93
1099 3573 1166 3614 ortt

211 3638 245 3687 95
264 3651 315 3689 orn.
335 3631 377 3696 r¹‚
396 3630 462 3684 odd.
481 3629 576 3701 v’mp.
632 3630 741 3699 proelia
759 3637 792 3684 1³:
811 3633 929 3699 pectora
947 3649 988 3686 co:
1013 3631 1109 3685 taenia
1128 3630 1166 3685 Ge

201 3707 270 3764 dim
325 3705 427 3777 raptus
447 3719 482 3760 ec
499 3703 543 3757 -ta
559 3702 594 3756 11³
671 3708 775 3756 ‘ctera
795 3703 836 3766 11¹,
857 3703 1038 3774 add.1.¹m9.
1099 3702 1157 3756 Nee

193 3784 227 3838 in
245 3784 319 3855 rae.)
340 3778 378 3838 ν’
434 3777 522 3834 hausi
543 3776 585 3849 th·
606 3773 664 3830 uel.
679 3773 730 3843 ἣ
743 3777 786 3825 M
853 3777 887 3823 ut
905 3781 1062 3827 umnec
1077 3792 1105 3828 ω
