<?xml version="1.0" encoding="UTF-8"?>
<!DOCTYPE html PUBLIC "-//W3C//DTD XHTML 1.0 Transitional//EN"
    "http://www.w3.org/TR/xhtml1/DTD/xhtml1-transitional.dtd">
<html xmlns="http://www.w3.org/1999/xhtml" xml:lang="en" lang="en">
 <head>
  <title>
</title>
<meta http-equiv="Content-Type" content="text/html;charset=utf-8" />
  <meta name='ocr-system' content='tesseract 3.04.00' />
  <meta name='ocr-capabilities' content='ocr_page ocr_carea ocr_par ocr_line ocrx_word'/>
</head>
<body>
  <div class='ocr_page' id='page_1' title='image "./ppapinistatithe00klotgoog_0047.png"; bbox 0 0 2684 4317; ppageno 0'>
   <div class='ocr_carea' id='block_1_1' title="bbox 412 437 1121 495">
    <p class='ocr_par' dir='ltr' id='par_1_1' title="bbox 412 437 1121 495">
     <span class='ocr_line' id='line_1_1' title="bbox 412 437 1121 495; baseline 0.003 -3"><span class='ocrx_word' id='word_1_1' title='bbox 412 437 581 492; x_wconf 79' lang='lat' dir='ltr'>EDITORIS</span> <span class='ocrx_word' id='word_1_2' title='bbox 600 439 806 493; x_wconf 81' lang='lat' dir='ltr'><strong>PRAEFATIO</strong></span> <span class='ocrx_word' id='word_1_3' title='bbox 1035 441 1121 495; x_wconf 85' lang='lat' dir='ltr'>XLIII</span> 
     </span>
    </p>
   </div>
   <div class='ocr_carea' id='block_1_2' title="bbox 98 609 1165 3275">
    <p class='ocr_par' dir='ltr' id='par_1_2' title="bbox 98 609 1165 3275">
     <span class='ocr_line' id='line_1_2' title="bbox 124 609 1121 685; baseline 0.002 -19"><span class='ocrx_word' id='word_1_4' title='bbox 124 609 186 667; x_wconf 85' lang='lat' dir='ltr'>ino</span> <span class='ocrx_word' id='word_1_5' title='bbox 203 609 350 685; x_wconf 91' lang='lat' dir='ltr'>quomodo</span> <span class='ocrx_word' id='word_1_6' title='bbox 374 609 414 668; x_wconf 87' lang='lat' dir='ltr'>ait</span> <span class='ocrx_word' id='word_1_7' title='bbox 437 610 525 667; x_wconf 90' lang='lat' dir='ltr'>aucta</span> <span class='ocrx_word' id='word_1_8' title='bbox 549 609 700 684; x_wconf 84' lang='lat' dir='ltr'>corruptio</span> <span class='ocrx_word' id='word_1_9' title='bbox 725 611 755 667; x_wconf 94' lang='lat' dir='ltr'>et</span> <span class='ocrx_word' id='word_1_10' title='bbox 776 609 971 684; x_wconf 76' lang='lat' dir='ltr'>interpolatio</span> <span class='ocrx_word' id='word_1_11' title='bbox 995 611 1121 669; x_wconf 87' lang='lat' dir='ltr'>saeculis</span> 
     </span>
     <span class='ocr_line' id='line_1_3' title="bbox 127 697 1119 776; baseline 0.003 -21"><span class='ocrx_word' id='word_1_12' title='bbox 127 697 215 756; x_wconf 85' lang='lat' dir='ltr'>docimo</span> <span class='ocrx_word' id='word_1_13' title='bbox 230 701 260 757; x_wconf 88' lang='lat' dir='ltr'>et</span> <span class='ocrx_word' id='word_1_14' title='bbox 274 697 431 756; x_wconf 89' lang='lat' dir='ltr'>undecimo</span> <span class='ocrx_word' id='word_1_15' title='bbox 446 697 610 756; x_wconf 91' lang='lat' dir='ltr'>luculenter</span> <span class='ocrx_word' id='word_1_16' title='bbox 624 699 831 774; x_wconf 80' lang='lat' dir='ltr'>perspiciatur,</span> <span class='ocrx_word' id='word_1_17' title='bbox 846 703 948 757; x_wconf 87' lang='lat' dir='ltr'>tamen</span> <span class='ocrx_word' id='word_1_18' title='bbox 958 700 1035 758; x_wconf 90' lang='lat' dir='ltr'>hanc</span> <span class='ocrx_word' id='word_1_19' title='bbox 1047 719 1119 776; x_wconf 92' lang='lat' dir='ltr'>quo·</span> 
     </span>
     <span class='ocr_line' id='line_1_4' title="bbox 98 787 1118 865; baseline 0.005 -21"><span class='ocrx_word' id='word_1_20' title='bbox 98 830 100 865; x_wconf 49' lang='grc'>,</span> <span class='ocrx_word' id='word_1_21' title='bbox 129 805 170 862; x_wconf 86' lang='lat' dir='ltr'>quo</span> <span class='ocrx_word' id='word_1_22' title='bbox 188 787 330 846; x_wconf 86' lang='lat' dir='ltr'>familiam</span> <span class='ocrx_word' id='word_1_23' title='bbox 354 788 390 845; x_wconf 91' lang='lat' dir='ltr'>ab</span> <span class='ocrx_word' id='word_1_24' title='bbox 414 805 474 845; x_wconf 89' lang='lat' dir='ltr'>uno</span> <span class='ocrx_word' id='word_1_25' title='bbox 497 787 596 845; x_wconf 91' lang='lat' dir='ltr'>codice</span> <span class='ocrx_word' id='word_1_26' title='bbox 620 806 774 847; x_wconf 80' lang='lat' dir='ltr'><strong>emanasse</strong></span> <span class='ocrx_word' id='word_1_27' title='bbox 797 787 995 847; x_wconf 87' lang='lat' dir='ltr'>demonstrari</span> <span class='ocrx_word' id='word_1_28' title='bbox 1012 792 1118 865; x_wconf 88' lang='lat' dir='ltr'>potest.</span> 
     </span>
     <span class='ocr_line' id='line_1_5' title="bbox 98 876 1120 954; baseline -0.001 -17"><span class='ocrx_word' id='word_1_29' title='bbox 98 876 101 938; x_wconf 88' lang='grc' dir='ltr'>Ι</span> <span class='ocrx_word' id='word_1_30' title='bbox 130 876 290 952; x_wconf 81' lang='lat' dir='ltr'>aprinum</span> <span class='ocrx_word' id='word_1_31' title='bbox 314 876 435 952; x_wconf 88' lang='lat' dir='ltr'>quidem</span> <span class='ocrx_word' id='word_1_32' title='bbox 458 877 549 952; x_wconf 89' lang='lat' dir='ltr'>primi</span> <span class='ocrx_word' id='word_1_33' title='bbox 570 876 641 935; x_wconf 88' lang='lat' dir='ltr'>libri</span> <span class='ocrx_word' id='word_1_34' title='bbox 664 879 842 954; x_wconf 85' lang='lat' dir='ltr'>argumenta</span> <span class='ocrx_word' id='word_1_35' title='bbox 866 881 896 935; x_wconf 84' lang='lat' dir='ltr'>at</span> <span class='ocrx_word' id='word_1_36' title='bbox 913 877 1059 953; x_wconf 79' lang='lat' dir='ltr'>pedestre,</span> <span class='ocrx_word' id='word_1_37' title='bbox 1082 878 1120 936; x_wconf 91' lang='lat' dir='ltr'>ad</span> 
     </span>
     <span class='ocr_line' id='line_1_6' title="bbox 98 958 1118 1048; baseline 0.003 -26"><span class='ocrx_word' id='word_1_38' title='bbox 98 970 104 1005; x_wconf 68' lang='grc'>1</span> <span class='ocrx_word' id='word_1_39' title='bbox 131 965 190 1040; x_wconf 89' lang='lat' dir='ltr'>quod</span> <span class='ocrx_word' id='word_1_40' title='bbox 204 966 323 1042; x_wconf 81' lang='lat' dir='ltr'>respicit</span> <span class='ocrx_word' id='word_1_41' title='bbox 342 965 438 1025; x_wconf 85' lang='lat' dir='ltr'>Schol.</span> <span class='ocrx_word' id='word_1_42' title='bbox 455 965 544 1026; x_wconf 84' lang='lat' dir='ltr'>Theb.</span> <span class='ocrx_word' id='word_1_43' title='bbox 563 969 590 1041; x_wconf 97' lang='grc'>1,</span> <span class='ocrx_word' id='word_1_44' title='bbox 607 967 646 1024; x_wconf 89' lang='grc'>61</span> <span class='ocrx_word' id='word_1_45' title='bbox 657 958 691 1048; x_wconf 79' lang='lat'>¹),</span> <span class='ocrx_word' id='word_1_46' title='bbox 711 969 741 1023; x_wconf 91' lang='lat' dir='ltr'>et</span> <span class='ocrx_word' id='word_1_47' title='bbox 759 967 893 1025; x_wconf 85' lang='lat' dir='ltr'>versibus</span> <span class='ocrx_word' id='word_1_48' title='bbox 912 968 1086 1042; x_wconf 87' lang='lat' dir='ltr'>conceptum</span> <span class='ocrx_word' id='word_1_49' title='bbox 1093 961 1118 1048; x_wconf 76' lang='lat'>²)</span> 
     </span>
     <span class='ocr_line' id='line_1_7' title="bbox 131 1055 1119 1132; baseline 0.002 -19"><span class='ocrx_word' id='word_1_50' title='bbox 131 1056 260 1128; x_wconf 83' lang='lat' dir='ltr'>perierunt.</span> <span class='ocrx_word' id='word_1_51' title='bbox 279 1056 383 1132; x_wconf 87' lang='lat' dir='ltr'>itaque</span> <span class='ocrx_word' id='word_1_52' title='bbox 393 1057 558 1114; x_wconf 90' lang='lat' dir='ltr'>communis</span> <span class='ocrx_word' id='word_1_53' title='bbox 568 1055 701 1114; x_wconf 89' lang='lat' dir='ltr'>codicum</span> <span class='ocrx_word' id='word_1_54' title='bbox 712 1077 740 1113; x_wconf 88' lang='grc' dir='ltr'>ω</span> <span class='ocrx_word' id='word_1_55' title='bbox 755 1058 841 1130; x_wconf 89' lang='lat' dir='ltr'>pater</span> <span class='ocrx_word' id='word_1_56' title='bbox 850 1057 882 1113; x_wconf 93' lang='lat' dir='ltr'>in</span> <span class='ocrx_word' id='word_1_57' title='bbox 892 1055 979 1115; x_wconf 89' lang='lat' dir='ltr'>initio</span> <span class='ocrx_word' id='word_1_58' title='bbox 993 1058 1119 1115; x_wconf 89' lang='lat' dir='ltr'>mutilus</span> 
     </span>
     <span class='ocr_line' id='line_1_8' title="bbox 132 1143 1119 1220; baseline 0.006 -21"><span class='ocrx_word' id='word_1_59' title='bbox 132 1147 184 1201; x_wconf 88' lang='lat' dir='ltr'>erat</span> <span class='ocrx_word' id='word_1_60' title='bbox 211 1145 313 1204; x_wconf 87' lang='lat' dir='ltr'>deinde</span> <span class='ocrx_word' id='word_1_61' title='bbox 334 1146 425 1203; x_wconf 91' lang='lat' dir='ltr'>etiam</span> <span class='ocrx_word' id='word_1_62' title='bbox 440 1143 530 1203; x_wconf 91' lang='lat' dir='ltr'>Theb.</span> <span class='ocrx_word' id='word_1_63' title='bbox 548 1147 598 1218; x_wconf 91' lang='grc'>10,</span> <span class='ocrx_word' id='word_1_64' title='bbox 615 1147 679 1204; x_wconf 93' lang='grc'>100</span> <span class='ocrx_word' id='word_1_65' title='bbox 687 1163 730 1220; x_wconf 87' lang='lat' dir='ltr'>sq.</span> <span class='ocrx_word' id='word_1_66' title='bbox 745 1145 854 1203; x_wconf 86' lang='lat' dir='ltr'>damno</span> <span class='ocrx_word' id='word_1_67' title='bbox 874 1147 1018 1205; x_wconf 82' lang='lat' dir='ltr'>exteriore</span> <span class='ocrx_word' id='word_1_68' title='bbox 1036 1146 1119 1205; x_wconf 90' lang='lat' dir='ltr'>labo·</span> 
     </span>
     <span class='ocr_line' id='line_1_9' title="bbox 131 1233 1120 1310; baseline 0.007 -22"><span class='ocrx_word' id='word_1_69' title='bbox 131 1235 181 1289; x_wconf 90' lang='lat' dir='ltr'>rant</span> <span class='ocrx_word' id='word_1_70' title='bbox 195 1253 288 1294; x_wconf 86' lang='lat' dir='ltr'>omnes</span> <span class='ocrx_word' id='word_1_71' title='bbox 307 1234 450 1310; x_wconf 89' lang='lat' dir='ltr'>vulgatae</span> <span class='ocrx_word' id='word_1_72' title='bbox 469 1233 640 1293; x_wconf 74' lang='lat' dir='ltr'>traditionis</span> <span class='ocrx_word' id='word_1_73' title='bbox 659 1233 783 1292; x_wconf 88' lang='lat' dir='ltr'>codices.</span> <span class='ocrx_word' id='word_1_74' title='bbox 825 1253 894 1292; x_wconf 89' lang='lat' dir='ltr'>nam</span> <span class='ocrx_word' id='word_1_75' title='bbox 913 1235 1120 1295; x_wconf 88' lang='lat' dir='ltr'>desiderantur</span> 
     </span>
     <span class='ocr_line' id='line_1_10' title="bbox 132 1324 1118 1403; baseline 0.006 -26"><span class='ocrx_word' id='word_1_76' title='bbox 132 1339 207 1381; x_wconf 80' lang='lat' dir='ltr'>rusus</span> <span class='ocrx_word' id='word_1_77' title='bbox 224 1326 272 1398; x_wconf 95' lang='grc'>10,</span> <span class='ocrx_word' id='word_1_78' title='bbox 290 1324 465 1383; x_wconf 85' lang='grc'>100-105</span> <span class='ocrx_word' id='word_1_79' title='bbox 486 1324 582 1396; x_wconf 85' lang='grc'>0110,</span> <span class='ocrx_word' id='word_1_80' title='bbox 599 1325 784 1395; x_wconf 79' lang='grc'>112-117,</span> <span class='ocrx_word' id='word_1_81' title='bbox 802 1324 839 1382; x_wconf 82' lang='grc'>(10</span> <span class='ocrx_word' id='word_1_82' title='bbox 859 1343 985 1398; x_wconf 90' lang='lat' dir='ltr'>quorum</span> <span class='ocrx_word' id='word_1_83' title='bbox 1005 1325 1118 1403; x_wconf 81' lang='lat' dir='ltr'>origine</span> 
     </span>
     <span class='ocr_line' id='line_1_11' title="bbox 132 1407 1119 1474; baseline 0.006 -8"><span class='ocrx_word' id='word_1_84' title='bbox 132 1407 240 1471; x_wconf 78' lang='lat' dir='ltr'>Statiano</span> <span class='ocrx_word' id='word_1_85' title='bbox 252 1432 338 1472; x_wconf 91' lang='lat' dir='ltr'>nemo</span> <span class='ocrx_word' id='word_1_86' title='bbox 353 1431 443 1472; x_wconf 87' lang='lat' dir='ltr'>sanus</span> <span class='ocrx_word' id='word_1_87' title='bbox 457 1412 584 1471; x_wconf 89' lang='lat' dir='ltr'>dubitat.</span> <span class='ocrx_word' id='word_1_88' title='bbox 604 1431 670 1472; x_wconf 91' lang='lat' dir='ltr'>cum</span> <span class='ocrx_word' id='word_1_89' title='bbox 680 1432 751 1472; x_wconf 89' lang='lat' dir='ltr'>vero</span> <span class='ocrx_word' id='word_1_90' title='bbox 764 1412 810 1471; x_wconf 88' lang='lat' dir='ltr'>bis</span> <span class='ocrx_word' id='word_1_91' title='bbox 826 1414 889 1472; x_wconf 92' lang='lat' dir='ltr'>seni</span> <span class='ocrx_word' id='word_1_92' title='bbox 898 1432 1002 1472; x_wconf 87' lang='lat' dir='ltr'>versus</span> <span class='ocrx_word' id='word_1_93' title='bbox 1017 1414 1119 1474; x_wconf 89' lang='lat' dir='ltr'>amissi</span> 
     </span>
     <span class='ocr_line' id='line_1_12' title="bbox 131 1501 1118 1578; baseline 0.005 -21"><span class='ocrx_word' id='word_1_94' title='bbox 131 1517 177 1559; x_wconf 84' lang='lat' dir='ltr'>esse</span> <span class='ocrx_word' id='word_1_95' title='bbox 187 1503 346 1575; x_wconf 84' lang='lat' dir='ltr'>videantur,</span> <span class='ocrx_word' id='word_1_96' title='bbox 365 1501 530 1562; x_wconf 87' lang='lat' dir='ltr'>similitudo</span> <span class='ocrx_word' id='word_1_97' title='bbox 545 1505 662 1561; x_wconf 90' lang='lat' dir='ltr'>numeri</span> <span class='ocrx_word' id='word_1_98' title='bbox 680 1521 739 1561; x_wconf 91' lang='lat' dir='ltr'>non</span> <span class='ocrx_word' id='word_1_99' title='bbox 755 1504 922 1578; x_wconf 84' lang='lat' dir='ltr'>explicatur</span> <span class='ocrx_word' id='word_1_100' title='bbox 939 1504 998 1561; x_wconf 91' lang='lat' dir='ltr'>nisi</span> <span class='ocrx_word' id='word_1_101' title='bbox 1017 1505 1118 1562; x_wconf 87' lang='lat' dir='ltr'>inferi-</span> 
     </span>
     <span class='ocr_line' id='line_1_13' title="bbox 98 1591 1119 1668; baseline 0.006 -23"><span class='ocrx_word' id='word_1_102' title='bbox 98 1602 103 1659; x_wconf 70' lang='grc'>)</span> <span class='ocrx_word' id='word_1_103' title='bbox 131 1605 190 1648; x_wconf 87' lang='lat' dir='ltr'>oren</span> <span class='ocrx_word' id='word_1_104' title='bbox 205 1592 265 1650; x_wconf 86' lang='lat' dir='ltr'>folii</span> <span class='ocrx_word' id='word_1_105' title='bbox 288 1593 415 1651; x_wconf 89' lang='lat' dir='ltr'>alicuius</span> <span class='ocrx_word' id='word_1_106' title='bbox 439 1594 556 1668; x_wconf 87' lang='lat' dir='ltr'>partam</span> <span class='ocrx_word' id='word_1_107' title='bbox 579 1591 741 1652; x_wconf 77' lang='lat' dir='ltr'>abscissam</span> <span class='ocrx_word' id='word_1_108' title='bbox 761 1610 822 1651; x_wconf 88' lang='lat' dir='ltr'>esse</span> <span class='ocrx_word' id='word_1_109' title='bbox 842 1592 1012 1667; x_wconf 85' lang='lat' dir='ltr'>statuimus,</span> <span class='ocrx_word' id='word_1_110' title='bbox 1036 1593 1119 1651; x_wconf 87' lang='lat' dir='ltr'>cuius</span> 
     </span>
     <span class='ocr_line' id='line_1_14' title="bbox 98 1670 1119 1758; baseline 0.007 -24"><span class='ocrx_word' id='word_1_111' title='bbox 98 1670 103 1751; x_wconf 67' lang='grc' dir='ltr'><em>ξ</em></span> <span class='ocrx_word' id='word_1_112' title='bbox 130 1677 257 1758; x_wconf 80' lang='lat' dir='ltr'>inpagina</span> <span class='ocrx_word' id='word_1_113' title='bbox 271 1684 353 1740; x_wconf 87' lang='lat' dir='ltr'>recta</span> <span class='ocrx_word' id='word_1_114' title='bbox 366 1683 416 1756; x_wconf 89' lang='lat'>10,</span> <span class='ocrx_word' id='word_1_115' title='bbox 430 1682 614 1754; x_wconf 83' lang='grc'>100-105,</span> <span class='ocrx_word' id='word_1_116' title='bbox 631 1683 663 1740; x_wconf 92' lang='lat' dir='ltr'>in</span> <span class='ocrx_word' id='word_1_117' title='bbox 679 1683 1032 1754; x_wconf 81' lang='lat' dir='ltr'>aversa10,112-117</span> <span class='ocrx_word' id='word_1_118' title='bbox 1049 1680 1119 1741; x_wconf 89' lang='lat' dir='ltr'>lecti</span> 
     </span>
     <span class='ocr_line' id='line_1_15' title="bbox 98 1768 1118 1849; baseline 0.002 -20"><span class='ocrx_word' id='word_1_119' title='bbox 98 1768 102 1829; x_wconf 70' lang='lat'>:⁸</span> <span class='ocrx_word' id='word_1_120' title='bbox 130 1771 199 1828; x_wconf 82' lang='lat' dir='ltr'>erant</span> <span class='ocrx_word' id='word_1_121' title='bbox 224 1770 301 1846; x_wconf 90' lang='lat' dir='ltr'>quod</span> <span class='ocrx_word' id='word_1_122' title='bbox 321 1771 347 1829; x_wconf 91' lang='lat' dir='ltr'>si</span> <span class='ocrx_word' id='word_1_123' title='bbox 365 1773 444 1829; x_wconf 91' lang='lat' dir='ltr'>recte</span> <span class='ocrx_word' id='word_1_124' title='bbox 463 1771 615 1845; x_wconf 68' lang='lat' dir='ltr'>sumimus</span> <span class='ocrx_word' id='word_1_125' title='bbox 635 1771 765 1829; x_wconf 89' lang='lat' dir='ltr'>duodeni</span> <span class='ocrx_word' id='word_1_126' title='bbox 783 1772 902 1829; x_wconf 87' lang='lat' dir='ltr'>tantum</span> <span class='ocrx_word' id='word_1_127' title='bbox 922 1771 1047 1849; x_wconf 87' lang='lat' dir='ltr'>singulis</span> <span class='ocrx_word' id='word_1_128' title='bbox 1067 1793 1118 1847; x_wconf 91' lang='lat' dir='ltr'>pa-</span> 
     </span>
     <span class='ocr_line' id='line_1_16' title="bbox 98 1853 1118 1935; baseline 0.002 -18"><span class='ocrx_word' id='word_1_129' title='bbox 98 1854 100 1863; x_wconf 78' lang='lat'>&#39;</span> <span class='ocrx_word' id='word_1_130' title='bbox 129 1853 187 1930; x_wconf 79' lang='lat' dir='ltr'>ginis</span> <span class='ocrx_word' id='word_1_131' title='bbox 201 1878 299 1920; x_wconf 85' lang='lat' dir='ltr'>versus</span> <span class='ocrx_word' id='word_1_132' title='bbox 319 1858 423 1934; x_wconf 90' lang='lat' dir='ltr'>scripti</span> <span class='ocrx_word' id='word_1_133' title='bbox 441 1859 564 1918; x_wconf 87' lang='lat' dir='ltr'>fuerunt</span> <span class='ocrx_word' id='word_1_134' title='bbox 582 1860 614 1916; x_wconf 91' lang='lat' dir='ltr'>in</span> <span class='ocrx_word' id='word_1_135' title='bbox 636 1860 797 1935; x_wconf 86' lang='lat' dir='ltr'>archetypo</span> <span class='ocrx_word' id='word_1_136' title='bbox 816 1860 948 1918; x_wconf 86' lang='lat' dir='ltr'>familiae</span> <span class='ocrx_word' id='word_1_137' title='bbox 967 1883 995 1918; x_wconf 86' lang='grc' dir='ltr'><em>ω</em></span> <span class='ocrx_word' id='word_1_138' title='bbox 1015 1863 1069 1918; x_wconf 91' lang='lat' dir='ltr'>aut</span> <span class='ocrx_word' id='word_1_139' title='bbox 1086 1864 1118 1919; x_wconf 90' lang='lat' dir='ltr'>in</span> 
     </span>
     <span class='ocr_line' id='line_1_17' title="bbox 129 1945 1117 2027; baseline 0.007 -25"><span class='ocrx_word' id='word_1_140' title='bbox 129 1945 176 2004; x_wconf 83' lang='lat' dir='ltr'>eius</span> <span class='ocrx_word' id='word_1_141' title='bbox 190 1951 275 2022; x_wconf 89' lang='lat' dir='ltr'>patre.</span> <span class='ocrx_word' id='word_1_142' title='bbox 304 1948 358 2025; x_wconf 91' lang='lat' dir='ltr'>qui</span> <span class='ocrx_word' id='word_1_143' title='bbox 376 1967 518 2010; x_wconf 88' lang='lat' dir='ltr'>numerus</span> <span class='ocrx_word' id='word_1_144' title='bbox 537 1949 669 2025; x_wconf 90' lang='lat' dir='ltr'>cuipiam</span> <span class='ocrx_word' id='word_1_145' title='bbox 689 1968 748 2008; x_wconf 91' lang='lat' dir='ltr'>non</span> <span class='ocrx_word' id='word_1_146' title='bbox 764 1950 837 2007; x_wconf 89' lang='lat' dir='ltr'>satis</span> <span class='ocrx_word' id='word_1_147' title='bbox 851 1968 977 2027; x_wconf 86' lang='lat' dir='ltr'>magnus</span> <span class='ocrx_word' id='word_1_148' title='bbox 997 1969 1059 2008; x_wconf 90' lang='lat' dir='ltr'>esse</span> <span class='ocrx_word' id='word_1_149' title='bbox 1074 1953 1117 2009; x_wconf 90' lang='lat' dir='ltr'>vi-</span> 
     </span>
     <span class='ocr_line' id='line_1_18' title="bbox 129 2031 1119 2114; baseline 0.009 -25"><span class='ocrx_word' id='word_1_150' title='bbox 129 2031 217 2111; x_wconf 87' lang='lat' dir='ltr'>deatur,</span> <span class='ocrx_word' id='word_1_151' title='bbox 230 2057 287 2114; x_wconf 91' lang='lat' dir='ltr'>quo</span> <span class='ocrx_word' id='word_1_152' title='bbox 301 2039 431 2114; x_wconf 82' lang='lat' dir='ltr'>paginae</span> <span class='ocrx_word' id='word_1_153' title='bbox 447 2038 659 2113; x_wconf 81' lang='lat' dir='ltr'>compleantur.</span> <span class='ocrx_word' id='word_1_154' title='bbox 688 2038 791 2113; x_wconf 88' lang='lat' dir='ltr'>itaque</span> <span class='ocrx_word' id='word_1_155' title='bbox 804 2038 885 2097; x_wconf 89' lang='lat' dir='ltr'>haud</span> <span class='ocrx_word' id='word_1_156' title='bbox 900 2041 960 2097; x_wconf 89' lang='lat' dir='ltr'>scio</span> <span class='ocrx_word' id='word_1_157' title='bbox 975 2059 1014 2098; x_wconf 90' lang='lat' dir='ltr'>an</span> <span class='ocrx_word' id='word_1_158' title='bbox 1029 2039 1119 2098; x_wconf 87' lang='lat' dir='ltr'>liceat</span> 
     </span>
     <span class='ocr_line' id='line_1_19' title="bbox 98 2120 1165 2209; baseline 0.007 -29"><span class='ocrx_word' id='word_1_159' title='bbox 98 2204 100 2209; x_wconf 23' lang='grc' dir='ltr'>Ι</span> <span class='ocrx_word' id='word_1_160' title='bbox 129 2124 233 2186; x_wconf 71' lang='lat' dir='ltr'>comare</span> <span class='ocrx_word' id='word_1_161' title='bbox 246 2128 370 2203; x_wconf 87' lang='lat' dir='ltr'>picturis</span> <span class='ocrx_word' id='word_1_162' title='bbox 385 2146 451 2185; x_wconf 89' lang='lat' dir='ltr'>eum</span> <span class='ocrx_word' id='word_1_163' title='bbox 467 2127 597 2186; x_wconf 85' lang='lat' dir='ltr'>codicem</span> <span class='ocrx_word' id='word_1_164' title='bbox 611 2128 704 2187; x_wconf 85' lang='lat' dir='ltr'>fuisse</span> <span class='ocrx_word' id='word_1_165' title='bbox 718 2120 940 2207; x_wconf 75' lang='lat' dir='ltr'>illustratum.³)</span> <span class='ocrx_word' id='word_1_166' title='bbox 968 2129 1117 2203; x_wconf 92' lang='lat' dir='ltr'>quomodo</span> <span class='ocrx_word' id='word_1_167' title='bbox 1163 2140 1165 2144; x_wconf 81' lang='grc'>’</span> 
     </span>
     <span class='ocr_line' id='line_1_20' title="bbox 98 2215 1115 2293; baseline 0.01 -26"><span class='ocrx_word' id='word_1_168' title='bbox 98 2238 101 2283; x_wconf 66' lang='lat'>;</span> <span class='ocrx_word' id='word_1_169' title='bbox 129 2215 205 2272; x_wconf 84' lang='lat' dir='ltr'>autem</span> <span class='ocrx_word' id='word_1_170' title='bbox 224 2218 338 2276; x_wconf 84' lang='lat' dir='ltr'>factum</span> <span class='ocrx_word' id='word_1_171' title='bbox 362 2217 415 2289; x_wconf 89' lang='lat' dir='ltr'>sit,</span> <span class='ocrx_word' id='word_1_172' title='bbox 433 2217 517 2275; x_wconf 92' lang='lat' dir='ltr'>utin</span> <span class='ocrx_word' id='word_1_173' title='bbox 537 2217 682 2291; x_wconf 88' lang='lat' dir='ltr'>quosdam</span> <span class='ocrx_word' id='word_1_174' title='bbox 702 2217 816 2276; x_wconf 88' lang='lat' dir='ltr'>codices</span> <span class='ocrx_word' id='word_1_175' title='bbox 835 2236 852 2284; x_wconf 86' lang='grc' dir='ltr'><strong><em>ς</em></strong></span> <span class='ocrx_word' id='word_1_176' title='bbox 875 2220 1115 2293; x_wconf 90' lang='grc'>10,100-103</span> 
     </span>
     <span class='ocr_line' id='line_1_21' title="bbox 129 2305 1117 2384; baseline 0.007 -26"><span class='ocrx_word' id='word_1_177' title='bbox 129 2307 214 2378; x_wconf 89' lang='lat' dir='ltr'>recepti</span> <span class='ocrx_word' id='word_1_178' title='bbox 226 2306 294 2380; x_wconf 88' lang='lat' dir='ltr'>sint,</span> <span class='ocrx_word' id='word_1_179' title='bbox 313 2305 438 2364; x_wconf 90' lang='lat' dir='ltr'>totidem</span> <span class='ocrx_word' id='word_1_180' title='bbox 458 2307 490 2363; x_wconf 92' lang='lat' dir='ltr'>in</span> <span class='ocrx_word' id='word_1_181' title='bbox 505 2306 600 2364; x_wconf 88' lang='lat' dir='ltr'>altera</span> <span class='ocrx_word' id='word_1_182' title='bbox 616 2307 725 2366; x_wconf 85' lang='lat' dir='ltr'>lacuna</span> <span class='ocrx_word' id='word_1_183' title='bbox 743 2307 776 2363; x_wconf 93' lang='lat' dir='ltr'>in</span> <span class='ocrx_word' id='word_1_184' title='bbox 791 2306 890 2365; x_wconf 88' lang='lat' dir='ltr'>codice</span> <span class='ocrx_word' id='word_1_185' title='bbox 906 2306 1033 2384; x_wconf 82' lang='lat' dir='ltr'>Collegii</span> <span class='ocrx_word' id='word_1_186' title='bbox 1047 2306 1117 2366; x_wconf 83' lang='lat' dir='ltr'>Cor-</span> 
     </span>
     <span class='ocr_line' id='line_1_22' title="bbox 129 2390 1117 2470; baseline 0.007 -23"><span class='ocrx_word' id='word_1_187' title='bbox 129 2390 188 2462; x_wconf 87' lang='lat' dir='ltr'>poris</span> <span class='ocrx_word' id='word_1_188' title='bbox 204 2394 312 2454; x_wconf 82' lang='lat' dir='ltr'>Ohristi</span> <span class='ocrx_word' id='word_1_189' title='bbox 330 2393 504 2454; x_wconf 84' lang='lat' dir='ltr'>Oxoniensis</span> <span class='ocrx_word' id='word_1_190' title='bbox 523 2395 723 2470; x_wconf 86' lang='lat' dir='ltr'>inveniantur,</span> <span class='ocrx_word' id='word_1_191' title='bbox 742 2415 802 2454; x_wconf 92' lang='lat' dir='ltr'>non</span> <span class='ocrx_word' id='word_1_192' title='bbox 822 2396 952 2470; x_wconf 85' lang='lat' dir='ltr'>expedio.</span> <span class='ocrx_word' id='word_1_193' title='bbox 986 2399 1064 2455; x_wconf 86' lang='lat' dir='ltr'>certe</span> <span class='ocrx_word' id='word_1_194' title='bbox 1079 2396 1117 2455; x_wconf 90' lang='lat' dir='ltr'>ad</span> 
     </span>
     <span class='ocr_line' id='line_1_23' title="bbox 129 2476 1117 2552; baseline 0.005 -15"><span class='ocrx_word' id='word_1_195' title='bbox 129 2476 202 2552; x_wconf 85' lang='lat' dir='ltr'>ipsum</span> <span class='ocrx_word' id='word_1_196' title='bbox 220 2485 349 2544; x_wconf 88' lang='lat' dir='ltr'>codicem</span> <span class='ocrx_word' id='word_1_197' title='bbox 368 2484 480 2542; x_wconf 88' lang='lat' dir='ltr'>iuliani</span> <span class='ocrx_word' id='word_1_198' title='bbox 498 2483 544 2542; x_wconf 88' lang='lat' dir='ltr'>illi</span> <span class='ocrx_word' id='word_1_199' title='bbox 563 2504 665 2543; x_wconf 88' lang='lat' dir='ltr'>versus</span> <span class='ocrx_word' id='word_1_200' title='bbox 685 2505 743 2543; x_wconf 92' lang='lat' dir='ltr'>non</span> <span class='ocrx_word' id='word_1_201' title='bbox 762 2484 894 2543; x_wconf 90' lang='lat' dir='ltr'>redeunt.</span> <span class='ocrx_word' id='word_1_202' title='bbox 928 2488 1117 2544; x_wconf 89' lang='lat' dir='ltr'>consentiunt</span> 
     </span>
     <span class='ocr_line' id='line_1_24' title="bbox 129 2570 1116 2651; baseline 0.006 -24"><span class='ocrx_word' id='word_1_203' title='bbox 129 2570 186 2627; x_wconf 82' lang='lat' dir='ltr'>enin</span> <span class='ocrx_word' id='word_1_204' title='bbox 197 2592 258 2631; x_wconf 92' lang='lat' dir='ltr'>cum</span> <span class='ocrx_word' id='word_1_205' title='bbox 273 2579 299 2632; x_wconf 91' lang='lat' dir='ltr'>P</span> <span class='ocrx_word' id='word_1_206' title='bbox 313 2573 345 2632; x_wconf 89' lang='lat' dir='ltr'>in</span> <span class='ocrx_word' id='word_1_207' title='bbox 359 2591 456 2632; x_wconf 86' lang='lat' dir='ltr'>errore</span> <span class='ocrx_word' id='word_1_208' title='bbox 471 2573 596 2632; x_wconf 84' lang='lat' dir='ltr'>insulari</span> <span class='ocrx_word' id='word_1_209' title='bbox 611 2576 760 2650; x_wconf 88' lang='lat' dir='ltr'>scriptura</span> <span class='ocrx_word' id='word_1_210' title='bbox 775 2574 891 2634; x_wconf 88' lang='lat' dir='ltr'>effecto:</span> <span class='ocrx_word' id='word_1_211' title='bbox 913 2577 962 2649; x_wconf 86' lang='lat'>10,</span> <span class='ocrx_word' id='word_1_212' title='bbox 980 2578 1041 2633; x_wconf 91' lang='grc'>103</span> <span class='ocrx_word' id='word_1_213' title='bbox 1062 2595 1116 2651; x_wconf 91' lang='lat' dir='ltr'>pro</span> 
     </span>
     <span class='ocr_line' id='line_1_25' title="bbox 129 2655 1117 2740; baseline 0.004 -21"><span class='ocrx_word' id='word_1_214' title='bbox 129 2655 334 2734; x_wconf 64' lang='grc'>1000100010</span> <span class='ocrx_word' id='word_1_215' title='bbox 353 2667 380 2720; x_wconf 89' lang='lat' dir='ltr'>P</span> <span class='ocrx_word' id='word_1_216' title='bbox 398 2662 510 2740; x_wconf 85' lang='lat' dir='ltr'>legitur</span> <span class='ocrx_word' id='word_1_217' title='bbox 527 2666 712 2738; x_wconf 76' lang='lat' dir='ltr'>mortiperoc,</span> <span class='ocrx_word' id='word_1_218' title='bbox 730 2663 761 2721; x_wconf 93' lang='lat' dir='ltr'>in</span> <span class='ocrx_word' id='word_1_219' title='bbox 780 2683 797 2730; x_wconf 87' lang='grc' dir='ltr'>ς</span> <span class='ocrx_word' id='word_1_220' title='bbox 819 2666 871 2721; x_wconf 91' lang='lat' dir='ltr'>aut</span> <span class='ocrx_word' id='word_1_221' title='bbox 889 2666 1045 2737; x_wconf 78' lang='lat' dir='ltr'>marttpero</span> <span class='ocrx_word' id='word_1_222' title='bbox 1064 2667 1117 2723; x_wconf 90' lang='lat' dir='ltr'>aut</span> 
     </span>
     <span class='ocr_line' id='line_1_26' title="bbox 128 2747 1115 2828; baseline 0.001 -18"><span class='ocrx_word' id='word_1_223' title='bbox 128 2747 259 2825; x_wconf 71' lang='grc'>1111110000.</span> <span class='ocrx_word' id='word_1_224' title='bbox 287 2753 344 2813; x_wconf 94' lang='lat' dir='ltr'>hoc</span> <span class='ocrx_word' id='word_1_225' title='bbox 357 2753 429 2828; x_wconf 89' lang='lat' dir='ltr'>quin</span> <span class='ocrx_word' id='word_1_226' title='bbox 441 2752 669 2828; x_wconf 89' lang='lat' dir='ltr'>interpolationi</span> <span class='ocrx_word' id='word_1_227' title='bbox 684 2752 834 2825; x_wconf 83' lang='lat' dir='ltr'>debeatur,</span> <span class='ocrx_word' id='word_1_228' title='bbox 849 2772 908 2812; x_wconf 92' lang='lat' dir='ltr'>non</span> <span class='ocrx_word' id='word_1_229' title='bbox 923 2755 968 2812; x_wconf 91' lang='lat' dir='ltr'>est</span> <span class='ocrx_word' id='word_1_230' title='bbox 983 2753 1115 2812; x_wconf 90' lang='lat' dir='ltr'>dubium.</span> 
     </span>
     <span class='ocr_line' id='line_1_27' title="bbox 175 2838 1115 2920; baseline 0.005 -24"><span class='ocrx_word' id='word_1_231' title='bbox 175 2838 286 2920; x_wconf 80' lang='lat' dir='ltr'>longum</span> <span class='ocrx_word' id='word_1_232' title='bbox 311 2844 357 2899; x_wconf 87' lang='lat' dir='ltr'>est</span> <span class='ocrx_word' id='word_1_233' title='bbox 379 2844 480 2900; x_wconf 90' lang='lat' dir='ltr'>autem</span> <span class='ocrx_word' id='word_1_234' title='bbox 502 2861 668 2916; x_wconf 90' lang='lat' dir='ltr'>numerare,</span> <span class='ocrx_word' id='word_1_235' title='bbox 693 2845 769 2917; x_wconf 90' lang='lat' dir='ltr'>quot</span> <span class='ocrx_word' id='word_1_236' title='bbox 785 2841 860 2901; x_wconf 89' lang='lat' dir='ltr'>locis</span> <span class='ocrx_word' id='word_1_237' title='bbox 879 2865 907 2900; x_wconf 85' lang='grc' dir='ltr'><em>ω</em></span> <span class='ocrx_word' id='word_1_238' title='bbox 927 2861 945 2899; x_wconf 90' lang='lat' dir='ltr'>a</span> <span class='ocrx_word' id='word_1_239' title='bbox 964 2842 1115 2902; x_wconf 89' lang='lat' dir='ltr'>Puteaneo</span> 
     </span>
     <span class='ocr_line' id='line_1_28' title="bbox 128 2928 1115 3008; baseline 0.005 -23"><span class='ocrx_word' id='word_1_240' title='bbox 128 2928 225 2989; x_wconf 83' lang='lat' dir='ltr'>recedat.</span> <span class='ocrx_word' id='word_1_241' title='bbox 260 2931 365 3007; x_wconf 89' lang='lat' dir='ltr'>itaque</span> <span class='ocrx_word' id='word_1_242' title='bbox 384 2930 532 3006; x_wconf 90' lang='lat' dir='ltr'>quaedam</span> <span class='ocrx_word' id='word_1_243' title='bbox 551 2930 689 3008; x_wconf 82' lang='lat' dir='ltr'>eligenda</span> <span class='ocrx_word' id='word_1_244' title='bbox 712 2933 790 2989; x_wconf 88' lang='lat' dir='ltr'>sunt.</span> <span class='ocrx_word' id='word_1_245' title='bbox 829 2935 919 3006; x_wconf 89' lang='lat' dir='ltr'>atque</span> <span class='ocrx_word' id='word_1_246' title='bbox 943 2950 978 2989; x_wconf 88' lang='lat' dir='ltr'>aa</span> <span class='ocrx_word' id='word_1_247' title='bbox 996 2933 1115 3007; x_wconf 90' lang='lat' dir='ltr'>potissi-</span> 
     </span>
     <span class='ocr_line' id='line_1_29' title="bbox 128 3019 1116 3098; baseline 0.003 -23"><span class='ocrx_word' id='word_1_248' title='bbox 128 3029 186 3075; x_wconf 79' lang='lat' dir='ltr'>mum</span> <span class='ocrx_word' id='word_1_249' title='bbox 205 3019 335 3078; x_wconf 89' lang='lat' dir='ltr'>animum</span> <span class='ocrx_word' id='word_1_250' title='bbox 359 3019 541 3079; x_wconf 88' lang='lat' dir='ltr'>advertenda</span> <span class='ocrx_word' id='word_1_251' title='bbox 564 3023 675 3094; x_wconf 89' lang='lat' dir='ltr'>censui,</span> <span class='ocrx_word' id='word_1_252' title='bbox 700 3020 750 3078; x_wconf 92' lang='lat' dir='ltr'>ubi</span> <span class='ocrx_word' id='word_1_253' title='bbox 770 3021 885 3098; x_wconf 85' lang='lat' dir='ltr'>vulgati</span> <span class='ocrx_word' id='word_1_254' title='bbox 909 3019 1024 3079; x_wconf 88' lang='lat' dir='ltr'>codices</span> <span class='ocrx_word' id='word_1_255' title='bbox 1048 3040 1116 3079; x_wconf 87' lang='lat' dir='ltr'>con-</span> 
     </span>
     <span class='ocr_line' id='line_1_30' title="bbox 127 3105 1115 3186; baseline 0.01 -27"><span class='ocrx_word' id='word_1_256' title='bbox 127 3105 231 3168; x_wconf 84' lang='lat' dir='ltr'>sentiunt</span> <span class='ocrx_word' id='word_1_257' title='bbox 248 3111 281 3168; x_wconf 93' lang='lat' dir='ltr'>in</span> <span class='ocrx_word' id='word_1_258' title='bbox 299 3110 479 3168; x_wconf 88' lang='lat' dir='ltr'>lectionibus</span> <span class='ocrx_word' id='word_1_259' title='bbox 503 3109 611 3185; x_wconf 88' lang='lat' dir='ltr'>quibus</span> <span class='ocrx_word' id='word_1_260' title='bbox 631 3127 733 3168; x_wconf 89' lang='lat' dir='ltr'>versus</span> <span class='ocrx_word' id='word_1_261' title='bbox 753 3109 876 3167; x_wconf 86' lang='lat' dir='ltr'>deletur.</span> <span class='ocrx_word' id='word_1_262' title='bbox 906 3110 994 3185; x_wconf 89' lang='lat' dir='ltr'>plura</span> <span class='ocrx_word' id='word_1_263' title='bbox 1009 3113 1035 3169; x_wconf 91' lang='lat' dir='ltr'>si</span> <span class='ocrx_word' id='word_1_264' title='bbox 1049 3113 1115 3186; x_wconf 88' lang='lat' dir='ltr'>quis</span> 
     </span>
     <span class='ocr_line' id='line_1_31' title="bbox 127 3198 758 3275; baseline 0.011 -25"><span class='ocrx_word' id='word_1_265' title='bbox 127 3200 287 3275; x_wconf 77' lang='lat' dir='ltr'>quaesiverit,</span> <span class='ocrx_word' id='word_1_266' title='bbox 307 3198 396 3257; x_wconf 90' lang='lat' dir='ltr'>adeat</span> <span class='ocrx_word' id='word_1_267' title='bbox 414 3201 593 3274; x_wconf 91' lang='lat' dir='ltr'>apparatum</span> <span class='ocrx_word' id='word_1_268' title='bbox 613 3200 758 3258; x_wconf 85' lang='lat' dir='ltr'>criticum.</span> 
     </span>
    </p>
   </div>
   <div class='ocr_carea' id='block_1_3' title="bbox 111 3334 1133 3766">
    <p class='ocr_par' dir='ltr' id='par_1_3' title="bbox 175 3334 1115 3403">
     <span class='ocr_line' id='line_1_32' title="bbox 175 3334 1115 3403; baseline 0.001 -18"><span class='ocrx_word' id='word_1_269' title='bbox 175 3335 196 3400; x_wconf 97' lang='grc'>1)</span> <span class='ocrx_word' id='word_1_270' title='bbox 212 3335 312 3388; x_wconf 81' lang='lat' dir='ltr'>burum</span> <span class='ocrx_word' id='word_1_271' title='bbox 324 3334 446 3388; x_wconf 77' lang='lat' dir='ltr'>omnium</span> <span class='ocrx_word' id='word_1_272' title='bbox 453 3335 549 3388; x_wconf 82' lang='lat' dir='ltr'>scriem</span> <span class='ocrx_word' id='word_1_273' title='bbox 555 3334 719 3400; x_wconf 75' lang='lat' dir='ltr'>fabularum</span> <span class='ocrx_word' id='word_1_274' title='bbox 731 3336 763 3388; x_wconf 80' lang='lat' dir='ltr'>iu</span> <span class='ocrx_word' id='word_1_275' title='bbox 775 3341 935 3403; x_wconf 78' lang='lat' dir='ltr'>arpumcnto</span> <span class='ocrx_word' id='word_1_276' title='bbox 945 3335 1115 3403; x_wconf 68' lang='lat' dir='ltr'>dipersimus.</span> 
     </span>
    </p>

    <p class='ocr_par' dir='ltr' id='par_1_4' title="bbox 119 3403 1115 3614">
     <span class='ocr_line' id='line_1_33' title="bbox 175 3403 1115 3474; baseline 0.002 -18"><span class='ocrx_word' id='word_1_277' title='bbox 175 3406 196 3473; x_wconf 85' lang='grc'>1)</span> <span class='ocrx_word' id='word_1_278' title='bbox 215 3404 248 3457; x_wconf 89' lang='lat' dir='ltr'>cf.</span> <span class='ocrx_word' id='word_1_279' title='bbox 269 3403 373 3458; x_wconf 81' lang='lat' dir='ltr'>Archiv</span> <span class='ocrx_word' id='word_1_280' title='bbox 396 3404 442 3458; x_wconf 81' lang='lat' dir='ltr'>fiir</span> <span class='ocrx_word' id='word_1_281' title='bbox 464 3403 514 3459; x_wconf 86' lang='lat' dir='ltr'>lat.</span> <span class='ocrx_word' id='word_1_282' title='bbox 534 3404 760 3474; x_wconf 83' lang='lat' dir='ltr'>Lexikographie</span> <span class='ocrx_word' id='word_1_283' title='bbox 781 3411 813 3458; x_wconf 76' lang='lat'>15</span> <span class='ocrx_word' id='word_1_284' title='bbox 833 3407 924 3473; x_wconf 80' lang='grc'>(1907)</span> <span class='ocrx_word' id='word_1_285' title='bbox 944 3411 1042 3474; x_wconf 70' lang='grc'>0261.</span> <span class='ocrx_word' id='word_1_286' title='bbox 1081 3406 1115 3458; x_wconf 84' lang='grc'>(10</span> 
     </span>
     <span class='ocr_line' id='line_1_34' title="bbox 120 3473 1113 3545; baseline 0.005 -21"><span class='ocrx_word' id='word_1_287' title='bbox 120 3473 173 3527; x_wconf 82' lang='lat' dir='ltr'>sexti</span> <span class='ocrx_word' id='word_1_288' title='bbox 189 3474 253 3530; x_wconf 88' lang='lat' dir='ltr'>libri</span> <span class='ocrx_word' id='word_1_289' title='bbox 276 3477 442 3545; x_wconf 76' lang='lat' dir='ltr'>argumento</span> <span class='ocrx_word' id='word_1_290' title='bbox 467 3475 542 3544; x_wconf 88' lang='lat' dir='ltr'>quod</span> <span class='ocrx_word' id='word_1_291' title='bbox 565 3476 594 3529; x_wconf 91' lang='lat' dir='ltr'>in</span> <span class='ocrx_word' id='word_1_292' title='bbox 619 3476 822 3530; x_wconf 86' lang='lat' dir='ltr'>recentioribus</span> <span class='ocrx_word' id='word_1_293' title='bbox 843 3478 955 3530; x_wconf 90' lang='lat' dir='ltr'>tantum</span> <span class='ocrx_word' id='word_1_294' title='bbox 973 3476 1054 3530; x_wconf 90' lang='lat' dir='ltr'>libris</span> <span class='ocrx_word' id='word_1_295' title='bbox 1073 3476 1113 3529; x_wconf 93' lang='lat' dir='ltr'>in-</span> 
     </span>
     <span class='ocr_line' id='line_1_35' title="bbox 119 3543 503 3614; baseline 0.021 -22"><span class='ocrx_word' id='word_1_296' title='bbox 119 3543 214 3614; x_wconf 75' lang='lat' dir='ltr'>venitur,</span> <span class='ocrx_word' id='word_1_297' title='bbox 232 3546 352 3601; x_wconf 86' lang='lat' dir='ltr'>forsitan</span> <span class='ocrx_word' id='word_1_298' title='bbox 370 3547 503 3601; x_wconf 85' lang='lat' dir='ltr'>haeseris.</span> 
     </span>
    </p>

    <p class='ocr_par' dir='ltr' id='par_1_5' title="bbox 111 3617 1133 3766">
     <span class='ocr_line' id='line_1_36' title="bbox 173 3617 1117 3688; baseline -0.001 -17"><span class='ocrx_word' id='word_1_299' title='bbox 173 3620 197 3686; x_wconf 80' lang='lat'>3)</span> <span class='ocrx_word' id='word_1_300' title='bbox 215 3617 346 3688; x_wconf 81' lang='lat' dir='ltr'>picturae</span> <span class='ocrx_word' id='word_1_301' title='bbox 361 3635 394 3672; x_wconf 88' lang='lat' dir='ltr'>ex</span> <span class='ocrx_word' id='word_1_302' title='bbox 408 3618 553 3674; x_wconf 90' lang='lat' dir='ltr'>codicibus</span> <span class='ocrx_word' id='word_1_303' title='bbox 568 3619 768 3688; x_wconf 86' lang='lat' dir='ltr'>superstitibus</span> <span class='ocrx_word' id='word_1_304' title='bbox 782 3618 812 3672; x_wconf 93' lang='lat' dir='ltr'>in</span> <span class='ocrx_word' id='word_1_305' title='bbox 822 3618 882 3673; x_wconf 85' lang='lat' dir='ltr'>solo</span> <span class='ocrx_word' id='word_1_306' title='bbox 893 3618 1023 3672; x_wconf 87' lang='lat' dir='ltr'>Gudiano</span> <span class='ocrx_word' id='word_1_307' title='bbox 1032 3627 1056 3672; x_wconf 81' lang='lat' dir='ltr'>K</span> <span class='ocrx_word' id='word_1_308' title='bbox 1069 3636 1117 3673; x_wconf 85' lang='lat' dir='ltr'>ex-</span> 
     </span>
     <span class='ocr_line' id='line_1_37' title="bbox 111 3687 1133 3766; baseline 0.008 -28"><span class='ocrx_word' id='word_1_309' title='bbox 111 3687 182 3742; x_wconf 82' lang='lat' dir='ltr'>stant.</span> <span class='ocrx_word' id='word_1_310' title='bbox 203 3706 276 3760; x_wconf 86' lang='lat' dir='ltr'>quae</span> <span class='ocrx_word' id='word_1_311' title='bbox 291 3691 387 3743; x_wconf 89' lang='lat' dir='ltr'>utrum</span> <span class='ocrx_word' id='word_1_312' title='bbox 401 3690 558 3758; x_wconf 86' lang='lat' dir='ltr'>antiquitus</span> <span class='ocrx_word' id='word_1_313' title='bbox 572 3690 695 3746; x_wconf 83' lang='lat' dir='ltr'>traditae</span> <span class='ocrx_word' id='word_1_314' title='bbox 710 3691 769 3747; x_wconf 89' lang='lat' dir='ltr'>sint</span> <span class='ocrx_word' id='word_1_315' title='bbox 783 3709 820 3748; x_wconf 88' lang='lat' dir='ltr'>an</span> <span class='ocrx_word' id='word_1_316' title='bbox 833 3689 1018 3766; x_wconf 80' lang='lat' dir='ltr'>impudenter</span> <span class='ocrx_word' id='word_1_317' title='bbox 1031 3692 1133 3759; x_wconf 77' lang='lat' dir='ltr'>botae,</span> 
     </span>
    </p>
   </div>
   <div class='ocr_carea' id='block_1_4' title="bbox 98 3760 1145 3914">
    <p class='ocr_par' dir='ltr' id='par_1_6' title="bbox 98 3760 1145 3914">
     <span class='ocr_line' id='line_1_38' title="bbox 109 3760 1145 3839; baseline 0.027 -27"><span class='ocrx_word' id='word_1_318' title='bbox 109 3774 161 3813; x_wconf 84' lang='lat' dir='ltr'>cum</span> <span class='ocrx_word' id='word_1_319' title='bbox 183 3761 303 3814; x_wconf 78' lang='lat' dir='ltr'>codicem</span> <span class='ocrx_word' id='word_1_320' title='bbox 324 3760 386 3828; x_wconf 81' lang='lat' dir='ltr'>ipse</span> <span class='ocrx_word' id='word_1_321' title='bbox 405 3778 463 3814; x_wconf 88' lang='lat' dir='ltr'>non</span> <span class='ocrx_word' id='word_1_322' title='bbox 483 3761 615 3833; x_wconf 72' lang='lat' dir='ltr'>viderim,</span> <span class='ocrx_word' id='word_1_323' title='bbox 636 3768 745 3827; x_wconf 85' lang='lat' dir='ltr'>nascio.</span> <span class='ocrx_word' id='word_1_324' title='bbox 788 3771 840 3828; x_wconf 88' lang='lat' dir='ltr'>sed</span> <span class='ocrx_word' id='word_1_325' title='bbox 859 3769 1011 3831; x_wconf 70' lang='lat' dir='ltr'>aicardus</span> <span class='ocrx_word' id='word_1_326' title='bbox 1024 3768 1145 3839; x_wconf 55' lang='grc'>0111101</span> 
     </span>
     <span class='ocr_line' id='line_1_39' title="bbox 98 3827 695 3914; baseline 0.039 -36"><span class='ocrx_word' id='word_1_327' title='bbox 98 3828 255 3894; x_wconf 68' lang='lat' dir='ltr'>capusum</span> <span class='ocrx_word' id='word_1_328' title='bbox 271 3843 321 3880; x_wconf 78' lang='lat' dir='ltr'>aas</span> <span class='ocrx_word' id='word_1_329' title='bbox 337 3827 452 3884; x_wconf 68' lang='lat' dir='ltr'>emona</span> <span class='ocrx_word' id='word_1_330' title='bbox 468 3833 544 3889; x_wconf 81' lang='lat' dir='ltr'>milri</span> <span class='ocrx_word' id='word_1_331' title='bbox 562 3839 695 3914; x_wconf 84' lang='lat' dir='ltr'>scripsit.</span> 
     </span>
    </p>
   </div>
   <div class='ocr_carea' id='block_1_5' title="bbox 0 0 1346 4317">
    <p class='ocr_par' dir='ltr' id='par_1_7' title="bbox 0 0 1346 4317">
     <span class='ocr_line' id='line_1_40' title="bbox 0 0 1346 4317; baseline 0 1"><span class='ocrx_word' id='word_1_332' title='bbox 0 0 1346 4317; x_wconf 95' lang='lat' dir='ltr'> </span> 
     </span>
    </p>
   </div>
  </div>
 </body>
</html>
