2684 4317
358 420 369 470 i
386 424 394 475 ἐ
459 417 628 473 EDITORIS
645 418 854 473 PRAEFATIO
1129 419 1168 472 XI

190 585 300 734 lffliu
317 588 502 648 editionibus
520 591 589 665 poet
603 587 808 656 Queckienam
826 588 963 648 omnibus
982 591 1104 666 recepte
1122 591 1167 648 est

259 681 336 739 ectio:

304 796 377 853 dum
398 793 530 853 Cadmus
547 798 624 871 erut,
643 795 714 853 dum
731 795 845 853 semina
864 799 997 870 surpuerat,

188 923 247 979 qun
258 910 353 970 dicunt
367 910 517 968 Puteenei
531 910 710 969 auctoritate
724 909 848 984 firmari,
863 910 936 969 odeo
951 913 985 969 ut
999 910 1167 970 Fridericus

128 1044 147 1081 u·
186 991 282 1058 Vollmer
302 1001 433 1060 alteram
461 1001 614 1074 suspectae
637 999 708 1058 fidei
736 1018 799 1058 esse
826 993 1044 1074 contenderit.¹)
1091 1019 1167 1075 quae

129 1131 147 1170 ff
184 1087 255 1160 opinio
271 1109 356 1166 quem
376 1089 456 1148 false
475 1090 527 1162 sit,
550 1089 668 1166 egregie
687 1087 879 1164 perspicitur,
898 1088 950 1146 ubi
969 1089 1042 1165 quid
1060 1089 1092 1147 in
1110 1089 1167 1148 Pu-

137 1232 142 1257 ·.
183 1174 258 1236 terreo
273 1179 420 1255 scriptum
438 1178 487 1251 sit,
507 1177 681 1254 diligentius
701 1177 913 1238 observaveris.
950 1180 1015 1254 ipse
1035 1180 1114 1237 enim
1132 1178 1167 1236 li·

128 1312 140 1349 ,.
182 1261 265 1326 bruim
280 1263 319 1329 Ρ1
336 1286 479 1327 mancum
497 1286 615 1326 versum
634 1268 677 1326 sic
695 1267 827 1342 scripsit:

304 1395 378 1453 dum
400 1392 531 1452 Cadmus
549 1395 626 1460 urat,
645 1393 717 1450 dum
735 1393 812 1452 uicto
830 1393 916 1451 cudit.

179 1513 254 1592 itique
273 1521 302 1578 in
326 1538 361 1578 eo
387 1517 488 1576 codice
511 1519 697 1593 pervetusto,
725 1516 804 1576 unde
828 1517 998 1576 Puteeneus
1022 1518 1169 1595 originem

130 1611 135 1617 ”
179 1604 253 1681 duxit
269 1609 380 1668 exitum
395 1625 499 1665 versus
513 1625 574 1665 non
588 1607 699 1665 lectum
715 1625 777 1665 esse
793 1611 928 1683 apparet,
947 1607 977 1665 id
993 1607 1074 1682 quod
1088 1608 1168 1667 beud

131 1701 135 1705 '
179 1698 346 1758 muscetum
365 1715 430 1756 csse
445 1687 674 1776 comprobavi.²)
703 1697 839 1771 sequitur
851 1696 1035 1755 Putecneum
1050 1716 1168 1773 quoque

179 1779 250 1844 fuere
266 1789 292 1846 ei
309 1788 445 1860 lectioni,
463 1804 540 1862 quee
558 1787 591 1844 in
611 1784 716 1844 ceteris
731 1784 882 1845 codicibus
898 1787 987 1844 extet.
1015 1789 1119 1845 contre
1134 1806 1169 1845 ec

130 1938 139 1956 ‚-
179 1889 231 1945 qum
245 1896 317 1937 nunc
334 1878 368 1936 iu
387 1874 570 1935 editIonibus
589 1877 709 1951 regnet:

303 2004 377 2061 dien
398 2000 530 2060 daenes
548 2003 624 2068 urat,
644 2001 716 2058 dum
732 2002 847 2058 semiue
864 2005 998 2073 serpunt,

129 2119 141 2137 ”
178 2123 216 2181 wli
225 2129 375 2188 recentiori
393 2125 503 2185 codicis
517 2125 665 2184 Puteunei
680 2127 838 2184 correctori
853 2125 985 2184 debetur.
1011 2127 1169 2185 carbonem

177 2209 243 2288 igtur
261 2237 314 2294 pro
338 2218 482 2276 thesauro
506 2215 687 2275 obtulerunt.
724 2234 821 2290 neque
845 2215 924 2273 enim
946 2217 1107 2291 quicquam
1126 2217 1167 2275 of·

128 2299 139 2334 fi
177 2298 285 2368 iunonis
303 2308 385 2366 inest
403 2306 438 2363 in
457 2323 491 2363 ee
510 2324 602 2380 quum
620 2305 814 2380 probavimus
834 2305 969 2363 lectione.
999 2305 1078 2380 quod
1097 2323 1168 2364 vero

128 2398 144 2445 ἓ
177 2385 306 2474 Sphingem
331 2397 404 2454 ante
426 2393 484 2453 Lei
501 2396 643 2469 mortem,
667 2413 744 2469 quae
763 2413 790 2451 v.
806 2395 869 2452 461
891 2394 1090 2472 significetur,
1109 2413 1169 2452 uon

128 2486 131 2499 ⁴
177 2483 457 2554 commemorari
471 2485 539 2559 quis
554 2482 722 2557 crediderit,
736 2484 825 2561 plene
840 2483 929 2542 nihili
943 2485 995 2542 est.
1015 2501 1074 2542 non
1090 2484 1169 2541 enim

128 2564 143 2605 ff
176 2570 277 2634 utinen
294 2595 400 2636 rerum
420 2571 535 2632 Statius
554 2591 609 2631 nec
627 2573 677 2632 bic
695 2591 749 2632 nec
764 2572 838 2631 ulibi
857 2573 1017 2650 diligenter
1032 2572 1168 2632 observe-

129 2663 133 2691 '
175 2657 210 2719 ut
232 2666 346 2742 inipso
366 2664 509 2722 contextu
523 2680 626 2721 versus
642 2662 732 2722 Theb.
750 2664 778 2736 3,
794 2663 969 2721 tur-526
987 2654 1070 2743 (inde
1085 2682 1104 2721 a
1117 2662 1169 2722 fol.

128 2778 141 2824 χ
175 2747 260 2836 1221)
278 2759 310 2814 et
332 2755 362 2828 2,
382 2752 562 2811 454-464
581 2769 635 2810 nec
654 2771 672 2810 u
691 2752 815 2810 librario
834 2771 889 2810 nec
908 2771 926 2810 a
945 2753 1110 2810 correctore
1129 2753 1169 2809 P⁰

139 2905 141 2912 ,
173 2840 248 2919 nupti
268 2846 350 2920 sunt,
376 2841 429 2900 sed
452 2840 490 2899 ab
514 2842 574 2899 ulio
598 2841 729 2916 quodem
752 2841 880 2916 aequali,
904 2843 1009 2900 contre
1028 2840 1119 2899 Theb.
1141 2843 1170 2915 4,

136 2998 138 3005 Ι
172 2924 329 2994 tut-343
355 2924 399 2990 Pl
422 2929 564 2991 omiserat
591 2932 690 3006 spatio
717 2931 837 3004 relicto,
860 2931 940 3006 quod
969 2931 1100 3006 explevit
1123 2932 1169 2988 P'.

135 3017 138 3024 ’
170 3014 245 3098 iisque
265 3025 324 3083 boc
348 3022 418 3080 loco
442 3038 510 3078 cum
531 3019 658 3098 triginta
682 3038 733 3079 sex
752 3038 853 3079 versus
877 3021 909 3078 in
934 3019 1097 3094 exemplari
1121 3019 1169 3076 de-

168 3104 246 3173 busse
263 3105 399 3172 senserit
412 3109 562 3183 librarius,
580 3109 688 3168 folium
705 3111 830 3186 periisse
845 3112 973 3185 apparet
986 3110 1039 3167 eut
1057 3107 1169 3184 inipso

167 3203 202 3258 ut
215 3205 244 3261 in
262 3198 449 3276 exemplaris
472 3200 641 3274 exemplari.
679 3218 770 3275 quern
790 3198 826 3257 ob
846 3217 909 3258 rem
927 3199 959 3257 iu
979 3197 1078 3257 codice
1096 3196 1169 3255 Iuli-

165 3292 199 3348 mi
212 3326 253 3334 —
267 3311 342 3351 nam
362 3289 421 3347 hoc
440 3290 545 3365 utique
564 3289 757 3348 verisimilius
777 3290 823 3347 est
839 3321 879 3328 -
900 3289 1026 3365 singulis
1050 3287 1169 3363 paginis

162 3375 363 3442 duodevicenos
385 3395 486 3437 versus
505 3378 641 3437 excretos
660 3379 751 3437 fuisse
770 3376 982 3437 concludimus.
1001 3375 1052 3434 sed
1071 3374 1107 3433 de
1127 3375 1170 3433 el-

160 3469 206 3530 tero
218 3467 436 3549 supplemento
450 3466 540 3526 Theb.
557 3469 586 3541 3,
600 3468 664 3526 467
677 3486 719 3544 sq.
743 3486 815 3526 oeve
831 3468 989 3542 quicquam
1005 3464 1169 3542 collegeris.

156 3575 234 3639 ecque
258 3563 346 3620 enim
370 3559 496 3634 propter
518 3556 669 3634 exemplar
692 3558 770 3616 elius
789 3555 838 3615 hic
858 3556 1000 3615 librarius
1019 3555 1169 3613 successit.

155 3681 361 3694 v...-

209 3755 236 3822 1)
254 3749 287 3806 P.
309 3743 429 3813 Papinii
444 3743 530 3799 scetii
546 3745 687 3806 Silvarum
707 3748 779 3809 libri
798 3757 873 3812 18⁹8
892 3773 925 3830 p.
940 3758 1008 3812 ὁδί).

129 3832 130 3859 r
203 3815 393 3889 pneumon
409 3818 480 3868 1902
491 3835 522 3887 p.
542 3818 640 3896 Vqu.
