2684 4317
446 419 616 475 abircius
634 419 842 475 PRAEFATIO
1107 421 1156 477 Vll

206 587 363 647 abeodem
387 564 452 647 virt
475 588 563 648 docto
587 589 665 647 alter
689 608 806 666 quoque
830 589 906 648 liber
927 590 1050 649 minime
1075 609 1155 666 sper·
1168 596 1201 651 N

158 675 245 735 nendns
262 695 341 736 anno
359 679 446 736 1904
460 679 603 737 inventus
618 671 709 760 est²):
731 677 1002 739 (lheltoniensis
1016 671 1086 761 (N),
1102 680 1154 756 qui

159 766 250 825 seculo
266 767 293 825 X
312 767 363 826 vel
382 767 426 825 XI
449 767 592 843 scriptus,
615 787 694 826 nunc
718 765 805 826 Chelt
792 769 893 827 toniae
916 769 949 827 in
971 768 1154 828 bibliotheca

129 848 130 853 ’
159 850 351 930 Philippsiana
363 855 548 915 adservabrr.
574 876 628 932 qm
619 856 797 915 liberaum
810 858 885 917 folia
897 857 998 916 decem
1011 861 1110 934 prima
1124 861 1154 918 et

129 978 130 995 2
160 940 270 1002 altinum
301 945 440 1020 perierit,
476 945 636 1004 adhibetur
666 945 735 1005 inde
773 965 792 1004 a
820 946 910 1005 Theb
935 949 964 1022 2,
989 949 1030 1007 66
1059 966 1153 1024 usque

129 1014 242 1108 7212
257 1036 329 1093 760.
365 1033 446 1109 quod
460 1034 671 1094 detrimentum
691 1035 777 1095 novis
795 1035 877 1094 foliis
896 1035 1015 1095 insertis
1034 1037 1152 1096 saeculo

161 1116 200 1174 XV
212 1079 298 1182 ains
322 1123 448 1199 quidam
471 1124 615 1183 resarcire
638 1127 763 1184 conatus
783 1116 870 1206 est‘),
892 1125 976 1185 cuiue
994 1144 1102 1184 nomen
1120 1127 1153 1184 in

161 1207 347 1288 snbscnptione
366 1212 438 1271 libri
456 1213 575 1273 videtur
538 1215 717 1288 urexstare,
736 1213 789 1272 ubi
807 1213 893 1273 haec.

293 1354 420 1414 arara
437 1330 614 1413 ianuar1ss
632 1337 706 1414 aar
722 1336 798 1415 'ridi
815 1349 988 1420 affl

327 1442 573 1503 chromatis
591 1444 956 1505 Parasrnrrrssrm

217 1530 492 1591 mausiacus
511 1533 774 1594 macariana
792 1533 1062 1595 amovemus

129 1616 131 1724 l
283 1619 488 1681 NIGOLAVS
506 1622 708 1682 FVLGINAS
727 1622 816 1683 Doc·
835 1624 993 1683 ARTIVM

129 1756 130 1815 ᾗ
158 1746 264 1814 prcuma
276 1748 391 1847 pagina
405 1747 510 1824 legunt
510 1767 547 1805 ur
496 1747 646 1806 thaec:
665 1749 766 1808 Iulius
786 1748 898 1808 Cacsar
913 1750 1090 1809 Valeuoiuus
1109 1752 1151 1810 bi-

129 1838 130 1888 2
158 1828 357 1895 tuumnus'
354 1837 451 1915 ,obiit
468 1855 547 1905 cauo
567 1829 690 1917 16521.
727 1838 838 1898 Micbel
855 1836 988 1913 Aupelus
1007 1839 1152 1899 Zaccaria

157 1917 280 1984 Boanum
294 1884 531 1985 bibliothecarius
543 1927 612 1998 fecit
623 1944 703 1985 auuo
716 1918 804 2008 ffl
823 1927 1062 1988 Guberuauu'bus
1076 1920 1152 1987 Illm'

157 2007 224 2070 Μ)
239 2015 389 2087 francisco
413 2015 449 2074 de
471 2015 587 2074 Fabius
607 2015 729 2090 Vispillo
755 2016 854 2076 Clusio
877 2015 1002 2076 Audrca
1020 2019 1107 2077 Muto
1126 2023 1153 2077 ct

157 2095 276 2162 Mauo
297 2103 428 2163 Casulio
453 2103 531 2163 unde
550 2125 610 2164 non
629 2104 735 2164 dubito
755 2105 828 2182 quin
847 2125 865 2164 a
884 2107 1067 2167 doctioribus
1087 2108 1152 2167 fata

156 2183 204 2248 libri
219 2194 368 2252 enucleari
386 2192 511 2269 possint.

200 2281 284 2341 codex
298 2283 363 2358 ipse
378 2281 541 2341 admodum
555 2283 748 2361 neglegenter
762 2283 947 2361 conscriptus
959 2287 1013 2359 est,
1028 2285 1102 2344 adeo
1117 2288 1152 2345 ut

155 2365 186 2423 rel
200 2388 334 2430 versuum
352 2374 455 2447 partes
469 2371 569 2430 sedem
587 2374 667 2431 inter
685 2391 716 2431 se
730 2374 929 2432 mutaverint:
950 2375 1059 2448 4,17Ο
1073 2393 1151 2448 pars

154 2460 197 2515 ale
214 2466 336 2534 reperta.
371 2462 402 2535 4,
423 2462 484 2518 171
505 2479 583 2534 pars
607 2463 755 2534 carpathus
779 2480 887 2536 aspera
905 2465 980 2522 uiuis
999 2466 1052 2523 aut
1071 2465 1151 2539 quod

154 2548 236 2623 enat,
254 2550 347 2625 plane
370 2551 475 2608 contra
493 2550 553 2610 loci
574 2553 756 2610 sententiam
775 2552 887 2610 dictum
907 2553 959 2612 sit:
984 2553 1020 2612 cf.
1041 2554 1070 2628 4,
1087 2555 1149 2612 785

153 2639 285 2698 cumina
298 2644 331 2698 N
346 2657 403 2715 pro
417 2642 566 2698 calamia.
592 2641 620 2714 5,
630 2642 693 2699 217
709 2642 830 2715 luamus
844 2641 930 2700 solvet
943 2660 1001 2701 sua
1015 2643 1151 2702 bracchia

151 2723 202 2783 uu
216 2732 246 2786 N
267 2748 324 2804 pro
343 2728 466 2801 indum
484 2747 545 2787 aaa
562 2730 649 2788 sol-uit
666 2731 802 2789 bracchia
821 2731 899 2788 collo.
935 2732 1039 2791 multis
1058 2733 1150 2791 etiam

151 2808 203 2872 locis
215 2816 389 2894 synonymis
404 2817 575 2877 substitutis
589 2821 720 2896 genuina
733 2820 822 2879 lectio
834 2820 957 2895 expulsa
971 2824 1028 2880 est:
1043 2822 1073 2896 4,
1086 2823 1148 2880 724

145 2907 242 2970 conare
257 2911 290 2965 N
308 2911 505 2983 provectura.
531 2909 560 2982 2,
575 2908 637 2967 401
658 2910 786 2968 uallibus
799 2914 832 2968 N
850 2929 904 2984 pro
923 2911 1077 2970 meatibus.
1102 2910 1150 2970 cui

149 2993 333 3072 neglegentiae
352 2997 484 3055 occurrit
503 2999 651 3056 corrector
667 2999 722 3073 qui
735 2998 814 3056 haud
834 3017 901 3057 raro
917 3001 1047 3077 genuina
1065 3019 1149 3060 revo-

148 3083 217 3157 carit,
237 3087 282 3144 ita
300 3088 338 3144 ut
356 3085 533 3162 plerumque
552 3106 665 3146 errores
684 3087 816 3147 radendo
836 3087 956 3162 deleret,
975 3107 1029 3148 nec
1047 3091 1149 3148 tamen

147 3176 300 3235 correctoris
324 3174 434 3234 desunt
456 3175 703 3250 interpolationes
728 3178 781 3234 aut
800 3178 997 3252 coniecturae,
1016 3179 1100 3237 velut
1120 3181 1149 3254 2,

146 3257 193 3319 235
205 3268 344 3337 parentas
373 3267 587 3342 suprascripsit
610 3271 680 3324 -tem
697 3263 876 3335 Adrastum,
899 3267 947 3325 vel
968 3269 997 3341 2,
1014 3270 1077 3326 279
1097 3267 1149 3326 ubi

144 3365 184 3422 pro
199 3353 360 3413 draconum
373 3347 421 3413 11¹
439 3355 600 3430 scripserat
613 3357 768 3415 draconem
787 3359 936 3415 corrector
954 3357 1086 3416 dracoaa
1104 3377 1148 3416 re-

143 3440 212 3500 stitui
225 3445 329 3504 voluit
361 3442 502 3502 similiter
514 3463 616 3503 verum
635 3444 737 3504 obruit
757 3446 786 3519 4,
802 3446 865 3504 833
882 3437 990 3526 (825):
1009 3465 1098 3520 quam
1117 3450 1149 3505 tu

141 3543 186 3588 eeu
201 3537 239 3592 P:
262 3551 353 3606 quam
371 3524 453 3613 (qua
471 3525 516 3614 Κ)
540 3536 602 3592 tum
618 3551 679 3593 uoa
697 3554 739 3592 a:
763 3552 823 3607 qua
839 3551 900 3593 uua
917 3527 971 3609 N¹‚
996 3553 1086 3610 quam
1104 3537 1148 3594 la-

197 3739 275 3807 l)cf
295 3737 659 3821 clm.Rer...]1p.301

188 3813 215 3874 2)
232 3809 305 3860 undo
314 3807 442 3861 0041'00111
451 3807 503 3865 1'110
515 3813 667 3889 tempore
656 3838 689 3878 nn
698 3819 794 3882 ltalia
804 3823 904 3883 fuisse
916 3820 1123 3881 mamieetum
1133 3816 1194 3872 eet
