2684 4317
233 384 298 448 266
592 383 623 438 P.
642 383 767 439 PAPINI
785 383 890 439 STATI

231 546 361 611 fletibus
385 569 475 612 arma
496 547 569 630 piis.
616 547 727 630 quales
751 547 807 613 ubi
829 548 894 611 tela
916 548 1072 632 virosque

231 637 371 719 pectoris
395 637 527 720 inpulsu
550 635 653 700 rabidi
679 641 819 702 stravere
841 636 961 718 leones,
1188 650 1225 701 cu

231 726 380 808 protinus
402 726 451 789 ira
473 725 589 808 minor,
612 725 817 810 gaudentque
840 726 875 788 in
898 745 1035 810 corpore
1059 731 1148 811 capto

233 835 376 880 securam
400 814 525 878 differre
547 815 678 878 famem:
703 815 748 879 sic
771 815 854 879 flexa
876 812 1053 900 Pelasgum

232 904 329 968 corda
351 903 471 987 labant,
493 903 635 988 ferrique
658 903 771 968 avidus
794 908 1021 968 mansueverat
1044 905 1143 970 ardor,
1222 970 1225 979 ,

300 993 369 1077 ipsc
388 993 485 1057 ctiam
504 996 578 1056 ante
597 994 708 1056 oculos
727 1014 812 1056 nunc
826 994 940 1056 matris
954 993 996 1056 ad
1011 995 1118 1058 oscula
1131 1010 1225 1075 versuq

232 1103 318 1146 nunc
340 1082 430 1146 rudis
452 1079 602 1165 Ismenes,
625 1104 712 1147 nunc
734 1081 894 1146 flebiliora
915 1083 1079 1166 precantis
1187 1092 1225 1149 us

232 1170 423 1255 Antigonae,
446 1172 596 1254 variaque
620 1171 762 1235 animum
786 1170 938 1236 turbante
961 1170 1105 1255 procella

233 1260 395 1325 exciderat
417 1282 565 1345 regnum:
590 1261 679 1344 cupit
702 1259 758 1344 ire,
781 1264 814 1324 et
836 1258 925 1324 mitis
949 1260 1107 1325 Adrastus

232 1371 299 1414 non
320 1352 420 1428 vetat3
443 1348 497 1413 hic
520 1350 623 1412 iustae
646 1348 774 1433 Tydeus
797 1370 921 1413 memor
944 1354 1083 1434 occupat
1104 1350 1175 1414 irae:

234 1441 296 1503 ‘me
319 1439 438 1523 potius,
461 1439 549 1523 socii,
573 1437 629 1522 qui
653 1438 754 1502 fidum
776 1437 929 1502 Eteoclea
951 1460 1056 1523 nuper

233 1533 393 1611 expertus,
416 1549 475 1591 nec
497 1527 596 1591 frater
619 1549 716 1613 eram,
739 1549 789 1592 me
813 1527 969 1611 opponite
993 1528 1072 1612 regi,
1188 1534 1225 1589 ut

233 1619 323 1681 cuius
348 1617 451 1682 adhuc
474 1638 586 1699 pacem
610 1618 774 1703 egregiam
797 1620 830 1681 et
851 1615 938 1680 bona
960 1616 1090 1681 foedera
1112 1618 1193 1702 gestu

234 1711 365 1790 pectore
387 1708 423 1770 in
445 1706 515 1770 hoc.
563 1705 618 1769 ubi
641 1708 720 1770 tunc
742 1705 818 1769 fidei
839 1705 992 1789 pacisque
1016 1709 1173 1790 sequestra

233 1800 335 1859 mater
358 1817 435 1877 eras,
459 1793 603 1878 pulchris
628 1816 700 1859 cum
725 1816 776 1858 me
799 1817 864 1858 nox
886 1798 994 1858 vestra
1017 1799 1140 1859 morata
1160 1794 1203 1857 est

233 1884 407 1967 hospitiis?
431 1906 545 1967 ncmpe
568 1884 647 1948 hacc
670 1883 772 1947 trahis
796 1883 837 1946 ad
860 1885 1054 1948 commercia
1076 1879 1199 1948 natum?

235 1974 297 2037 duc
320 1973 412 2037 illum
436 1974 469 2036 in
489 1994 647 2056 campum,
669 1976 777 2037 vestro
797 1973 853 2056 qui
872 1973 1029 2057 sanguine
1047 1970 1172 2057 pinguis
1191 1982 1225 2035 51

236 2063 338 2146 spirat
361 2061 465 2126 adhuc
488 2063 682 2147 pinguisque
705 2083 785 2125 meo.
832 2065 869 2125 tu
892 2083 989 2144 porro
1014 2061 1162 2146 sequeris,

234 2150 298 2214 heu
320 2151 457 2215 nimium
479 2152 568 2215 mitis
591 2151 791 2232 nimiumque
816 2150 916 2214 oblito
938 2152 1093 2215 tuorum?

234 2240 359 2304 scilicet
382 2241 517 2303 infestae
541 2263 614 2305 cum
638 2244 670 2303 te
695 2241 815 2304 circum
838 2239 980 2323 undique
1006 2240 1133 2304 dextrae

235 2329 404 2392 nudabunt
427 2351 527 2412 casea,
550 2328 629 2393 haec
653 2329 744 2392 flebit
767 2333 799 2392 et
822 2350 911 2392 arma
934 2328 1121 2411 quiescent?

236 2418 392 2501 tonsilla,
415 2418 478 2482 heu
498 2419 636 2500 demens,
660 2418 761 2482 semel
779 2418 863 2481 intra
881 2417 1011 2482 moenia
1034 2417 1174 2483 clausum
1194 2424 1225 2479 54

235 2529 483 2590 possessumque
508 2507 589 2571 odiis
612 2506 735 2593 Argiva
758 2508 792 2572 in
815 2510 920 2570 castra
942 2507 1108 2571 remittet?

236 2600 308 2660 ante
332 2595 411 2662 haec
434 2618 566 2661 excusso
590 2597 774 2660 frondescet
795 2597 907 2660 lancea
929 2595 1026 2679 ferro,

235 2684 373 2750 Inachus
398 2689 472 2749 ante
495 2690 581 2750 retro
604 2692 777 2768 nosterque
800 2684 963 2749 Achelous
987 2684 1099 2750 abibit.

236 2776 291 2839 sed
314 2775 392 2838 mite
416 2774 602 2858 adloquium
626 2778 658 2838 et
682 2774 785 2838 saevis
809 2796 872 2857 pax
896 2775 1064 2857 quaeritur
1086 2773 1189 2839 armis:

308 2919 360 2967 530
383 2915 477 2968 rabidi
500 2917 617 2983 (curiw-
632 2914 675 2982 P1)
699 2919 781 2967 ch:
810 2913 937 2981 rapidira
1012 2919 1063 2968 531
1087 2913 1117 2966 in

705 2997 785 3026 cruore
799 2989 889 3034 recepto

236 3042 320 3109 capto
336 3040 370 3098 0¹
385 3041 509 3109 (corpore
525 3039 558 3097 0¹
568 3041 644 3108 capt:
663 3038 694 3091 in
709 3054 823 3107 corpore
838 3039 922 3107 capto
936 3044 971 3091 n:
992 3053 1090 3092 cruore
1102 3036 1202 3105 recepte

291 3117 343 3165 534
363 3110 457 3165 oculos
472 3115 537 3164 Pw:
558 3127 653 3164 omnes
667 3111 749 3179 culpo
789 3126 902 3184 versous
916 3108 951 3160 1³¹
1007 3114 1059 3163 535
1073 3108 1167 3173 cm,1¹‚

236 3218 320 3288 Pup.
356 3216 620 3272 rudisw:crudis1’
652 3216 834 3270 istmcnesl’f
868 3212 1207 3286 flebiliorapexvrm

236 3341 733 3412 flebssis(-1i{a)orauonurpv
805 3345 856 3395 538
877 3342 990 3409 occupit
1009 3339 1044 3400 a¹
1102 3344 1152 3394 540
1213 3336 1216 3341 ’

237 3431 271 3485 ν’
289 3433 334 3498 (ᾗ
347 3431 426 3501 (νὴ)
500 3437 550 3484 541
570 3431 688 3502 ροξοθιη
702 3431 770 3497 (r)1’
843 3435 893 3482 542
913 3429 1048 3498 pactique
1063 3429 1194 3484 Bactros

237 3505 383 3570 sequestra
396 3519 430 3557 ca
443 3519 485 3556 -re
499 3502 534 3554 131
588 3506 639 3554 543
653 3505 740 3555 voxI.
795 3506 847 3554 544
861 3500 965 3554 traisB
1021 3506 1074 3555 546
1089 3499 1195 3569 spina

292 3579 342 3626 547
367 3573 502 3643 affligam
526 3576 559 3642 (r)
582 3577 599 3625 b
673 3577 724 3624 549
747 3571 827 3626 flebit
848 3589 869 3626 s.
890 3573 907 3626 l.
926 3571 979 3625 1¹:
1009 3589 1043 3627 ca
1068 3570 1146 3626 flevit
1166 3568 1195 3622 2²

235 3649 289 3698 662
308 3643 635 3699 frondescctcx·it1’¹:
655 3645 719 3696 -unt
738 3650 755 3696 c
829 3647 880 3696 553
900 3642 992 3697 abibit
1011 3648 1074 3710 Ρμε
1094 3640 1207 3697 abibunt

280 3780 338 3831 554
357 3773 452 3848 mi{te
473 3774 508 3845 (t)
526 3776 549 3826 B
606 3716 776 3836 sitisquium
787 3767 823 3818 r*
