2684 4317
204 425 269 480 XIV
513 423 685 479 suffosus
704 423 912 479 PRAEFATIO

204 594 322 670 reliquo
337 588 439 654 oodioe
454 597 607 673 grassatus
622 596 682 669 est,
702 595 785 653 ouius
805 611 913 670 operae
929 594 1065 670 exempla
1079 613 1117 671 qu

205 703 240 743 ex
254 682 421 742 thffleiue
441 684 584 761 proposui
597 683 742 743 Achilleis
755 703 784 759 p.
799 683 907 742 XXVI.
929 683 1009 743 unde
1023 701 1117 761 appar

204 774 350 832 reatorem
370 765 415 840 α’
432 791 521 833 usum
540 792 602 832 esse
621 772 698 832 libro
719 773 840 848 quidem
860 773 972 849 aliquo,
991 771 1042 832 sed
1062 773 1116 832 mu*

204 863 323 922 teriora.
356 881 428 921 nam
446 864 567 938 praeter
581 863 682 938 ampla
696 863 751 921 illa
765 862 973 938 supplementa
987 880 1092 922 versus
1111 881 1116 922 r

204 951 253 1011 hio
271 951 335 1010 illio
350 951 484 1028 singulos
499 970 517 1010 a
533 944 577 1019 0st
596 954 729 1026 omissos,
749 951 832 1011 velut
853 955 880 1028 1,
897 953 970 1011 399.
992 953 1020 1026 6,
1038 953 1087 1012 73.
1109 956 1115 1010 1

206 1042 235 1114 9,
251 1042 302 1100 53.
324 1042 352 1116 9,
368 1041 553 1100 637-645,
576 1043 627 1115 10,
647 1042 720 1101 349.
757 1059 826 1100 raro
849 1043 981 1120 nugatus
1005 1045 1063 1117 est,
1086 1061 1114 1102 vr

207 1132 235 1203 7,
251 1131 314 1189 259
335 1149 406 1190 suae
420 1128 552 1189 fabricae
565 1149 686 1190 versum
700 1129 874 1207 adscripsit:
894 1131 937 1190 Et
952 1131 1073 1190 bellator
1091 1131 1114 1191 o

204 1219 281 1279 lebat
297 1220 437 1279 mandere
454 1220 550 1294 tubos.

118 1309 203 1364 'oron
272 1309 308 1367 de
327 1308 507 1368 lectionibus
530 1309 666 1369 codicis
686 1309 908 1368 Turonensis
931 1310 1049 1369 saeeulo
1064 1309 1092 1367 X

206 1401 352 1473 quantum
379 1398 418 1456 ad
445 1401 576 1474 primum
604 1399 765 1458 Thebaidis
793 1397 904 1456 librum
931 1400 1077 1475 pertinet,
1105 1401 1112 1452 1

206 1487 315 1547 Wotke
329 1489 449 1547 rettulit
463 1488 622 1547 collatione
636 1507 708 1548 usus
724 1481 892 1565 aLeblegue
906 1488 972 1548 viro
987 1489 1075 1548 doato
1090 1487 1111 1548 P

205 1569 324 1659 faota.¹)
351 1579 405 1652 qui
417 1576 496 1637 binis
516 1578 661 1637 columnis
680 1578 807 1654 paginas
827 1578 1010 1654 oonsoriptas
1030 1597 1094 1638 esse

206 1666 360 1726 alibrario
384 1686 491 1743 parum
510 1666 606 1743 docto,
625 1668 679 1742 qui
697 1666 790 1727 verba
812 1667 985 1743 saepissime
1008 1686 1110 1744 perper

206 1756 321 1830 stinxit,
340 1755 472 1831 syllabas
491 1756 601 1831 omisit,
624 1758 669 1814 ita
691 1757 728 1814 ut
745 1756 827 1815 haud
845 1775 913 1816 raro
931 1759 1079 1833 monstra,
1098 1777 1109 1815 r

206 1845 314 1905 cabula
329 1848 436 1905 extent.
465 1845 502 1904 (le
517 1845 589 1904 fatis
608 1849 710 1904 autem
724 1844 795 1904 libri
809 1847 873 1924 egit
885 1844 1055 1922 Leopoldus
1070 1846 1109 1906 De

206 1935 297 1994 oodex
315 1935 398 1993 furto
418 1935 560 2011 abreptus
580 1955 596 1992 e
614 1933 797 1994 bibliotheca
822 1934 875 1995 Sti.
895 1936 1021 1994 Martini
1040 1936 1108 1994 Tun

206 2027 311 2098 postea
325 2024 364 2082 ad
379 2023 598 2083 Bibliotheoam
612 2024 807 2083 Nationalem
826 2023 993 2083 Parisinam
1011 2045 1108 2101 parve]

205 2115 285 2173 inter
303 2113 420 2173 oodioee
442 2115 553 2173 latinos
574 2132 675 2173 recens
699 2115 862 2189 acquisitos
887 2114 1023 2194 signatus
1043 2119 1107 2175 est*

208 2204 303 2278 1627,
326 2202 413 2262 nobis
436 2205 482 2263 est
506 2204 615 2262 iterun.
656 2202 818 2262 dolendum
841 2205 887 2264 est
905 2222 976 2263 sane
1000 2204 1107 2264 dehoc

205 2293 336 2368 primum
359 2295 478 2352 tantum
501 2293 611 2351 librum
633 2294 813 2367 innotuisse,
837 2292 888 2352 sed
907 2311 974 2352 oum
993 2293 1106 2353 Roffens

205 2381 334 2440 maxime
354 2381 452 2441 affinis
471 2383 686 2442 aoouratiorem
704 2382 844 2441 notitiam
864 2381 1050 2458 haberemus,
1069 2384 1106 2443 ool

206 2473 344 2546 quamvis
364 2489 453 2548 aegre
472 2472 567 2530 careri
585 2489 673 2548 posse
692 2470 778 2531 nobis
798 2474 896 2531 visum
916 2474 969 2531 est.

274 2558 397 2620 Gallicis
416 2559 501 2621 libris
521 2561 646 2621 adnecto

599 2703 831 2764 Helvetianm

165 2835 188 2890 b
273 2829 434 2890 oodioem
447 2828 665 2888 Beruensem
682 2829 754 2888 156
775 2829 887 2889 saeculi
904 2828 948 2889 XI
968 2821 1028 2911 (b),
1048 2849 1104 2906 que

209 2921 292 2978 1901
309 2919 462 2979 Mouaohii
474 2916 680 2978 inhoademia
694 2910 847 3000 oontuh'.⁸)
865 2919 942 2978 liber
955 2919 1070 2978 formae
1084 2939 1103 2980 o

207 3008 363 3069 aduobus
386 3007 518 3068 librariis
542 3008 670 3083 seriptus
695 3010 752 3085 est,
777 3026 903 3083 quorum
927 3009 1004 3068 alter
1026 3009 1103 3069 iol]

207 3091 240 3180 (i.
256 3099 348 3158 Theb.
365 3101 393 3175 1,
410 3099 506 3171 1-8,
522 3090 602 3175 299)
622 3098 759 3172 confecit,
778 3098 856 3157 alter
874 3098 998 3174 reliqua.
1027 3098 1103 3178 singu

207 3188 293 3267 ginas
311 3187 399 3248 initio
418 3186 569 3264 complent
586 3205 689 3246 versus
709 3188 925 3266 quinquageni,
944 3189 997 3263 qui
1014 3206 1102 3248 numa

206 3277 296 3338 finem
314 3297 408 3354 usque
428 3277 467 3337 ad
481 3278 679 3358 septuagenos
700 3276 808 3352 quinos
823 3278 972 3337 aeoresoit.
1006 3277 1066 3336 fuit
1079 3297 1102 3355 q·

279 3469 306 3608 il
324 3465 643 3592 hlulis²¹0¹e⁸hxaaiu
672 3536 707 3590 <10
730 3536 900 3592 mannans
925 3535 960 3591 ue
983 3535 1012 3592 n
1034 3535 1101 3592 orei

206 3609 352 3664 nationale
371 3609 433 3664 311
451 3610 542 3690 (1864)
561 3627 589 3678 p.
605 3612 665 3663 167.
786 3680 792 3692 ι
829 3680 836 3693 ο
1015 3678 1021 3690 ⁸
1046 3678 1052 3690 ·

248 3678 1101 3808 utilitatibus,ttahtnbtallilttll

175 3766 256 3872 ahheo
274 3821 444 3881 adnotatae
462 3828 543 3883 sunt.
811 3771 850 3822 pp
