2684 4317
233 404 349 459 XXVIII
536 404 706 459 EDITORIS
724 403 934 459 PRAEFATIO

232 574 384 650 legontius
408 573 486 632 enim
510 572 654 632 Achilleis
679 594 770 650 quam
794 573 923 633 Thebais
946 575 1059 650 scripta
1081 574 1162 634 videt

231 662 288 721 hoo
303 663 412 722 codice.
441 663 572 721 eiusdem
586 665 621 721 ut
635 663 753 722 videtur
767 665 876 722 aetatis
892 667 1039 723 corrector
1057 665 1088 721 in
1103 665 1161 722 Tbc

233 771 351 827 quoque
371 752 519 828 quaedam
538 752 716 811 emendavit.

190 864 216 912 μ
297 843 363 900 tum
386 842 505 900 saeculo
524 841 583 898 XII
606 841 711 918 scripti
734 844 803 900 sunt
827 841 886 900 duo
911 841 1027 901 codices
1051 842 1159 902 Monac

231 949 305 1005 quos
325 949 403 989 anno
425 932 508 989 1901
529 930 682 990 Monaohii
704 933 768 1006 ipse
788 932 909 990 contuli.
943 951 958 990 e
979 931 1087 1007 quibus
1107 931 1159 990 ala

230 1021 313 1078 tatus
327 1039 451 1078 numero
463 1022 526 1078 312
543 1011 643 1100 (nobIs
652 1012 693 1100 μ)
709 1039 724 1078 e
738 1020 921 1078 bibliotheca
935 1020 1118 1079 Hartmanni
1128 1019 1158 1080 S<

230 1107 490 1186 Norimbergensie
515 1108 546 1166 in
572 1108 786 1168 bibliothecam
812 1109 927 1186 regiam
953 1110 1098 1185 pervenit.
1142 1110 1157 1168 b

231 1197 309 1256 enim
336 1200 369 1256 in
397 1197 539 1256 interiore
562 1199 736 1275 tegumento
762 1198 883 1256 LIBER
907 1197 1106 1258 DOOTORIS
1128 1199 1157 1258 H

229 1285 334 1363 unul
354 1303 538 1363 scarnen
558 1303 612 1361 nu
632 1301 908 1363 uoumnneea.
947 1306 1000 1381 qn
1021 1305 1101 1364 unce
1120 1324 1155 1366 00

229 1394 387 1470 acceperit,
406 1394 545 1453 nescibur.
575 1396 673 1450 tamen
695 1391 890 1453 Germanicae
909 1414 976 1453 eum
995 1413 1058 1454 osse
1077 1394 1155 1473 origi

228 1482 296 1558 ipsa
313 1502 345 1542 re
364 1483 520 1560 probabile
537 1485 583 1541 est
602 1485 633 1540 et
647 1482 869 1542 demonstratur
887 1485 997 1543 litterIs
1011 1488 1031 1559 f
1040 1487 1102 1543 eto
1121 1503 1154 1544 oo

228 1571 303 1630 tatis
323 1592 346 1630 e.
367 1593 394 1650 g.
414 1573 504 1631 Theb.
522 1573 551 1645 8,
571 1572 644 1630 646.
683 1572 816 1630 continet
839 1572 920 1631 foliis
941 1575 1004 1632 148
1024 1591 1153 1633 numeral

228 1661 276 1721 vel
295 1661 396 1737 potius
417 1663 489 1737 149,
513 1681 582 1719 nam
602 1663 670 1736 post
689 1661 740 1719 fol.
758 1665 796 1719 21
823 1682 916 1720 unum
936 1663 1042 1721 folium
1061 1683 1153 1722 nume:

228 1753 276 1809 ret
289 1783 334 1793 -
348 1750 533 1810 Thebaidem
547 1750 642 1809 solam
657 1752 836 1826 constatque
852 1752 1108 1827 quaternionibus,
1124 1773 1152 1829 qr

227 1841 355 1917 singulis
370 1841 489 1918 paginis
504 1858 605 1899 versus
620 1839 762 1916 leguntur
780 1839 849 1899 inde
870 1860 888 1898 a
902 1841 1024 1900 tricenis
1044 1845 1151 1917 quater

227 1947 320 1989 senos
357 1930 409 1988 fol.
426 1932 461 1988 1v
479 1931 544 1988 vita
561 1929 615 1986 illa
630 1928 712 1987 Stati
729 1929 826 1988 medio
846 1948 919 1989 aevo
939 1933 1150 2007 conscriptae:

227 2021 280 2078 est
299 2019 379 2078 unde
389 2038 450 2079 non
458 2019 567 2077 mirum
582 2018 685 2093 quod
675 2039 707 2076 m
716 2018 807 2076 titulo
822 2021 913 2094 primi
903 2019 996 2079 libri
1010 2020 1150 2080 falsumS

227 2126 391 2186 cognomen
402 2110 528 2184 apparet
542 2107 593 2166 fol
606 2109 650 2166 2
660 2106 827 2166 INCIPIT·
834 2108 972 2166 LIBER·
980 2108 1146 2169 PRIMVS

225 2242 408 2332 BAIIDOS·
420 2250 569 2312 STATII
580 2190 764 2309 PAPINH
773 2250 953 2310 SVRaVLI
963 2271 1039 2328 quae
1049 2253 1140 2312 rubro

225 2342 308 2416 picta
331 2344 415 2415 sunt,
443 2341 501 2401 nisi
528 2339 608 2415 quod
632 2342 819 2400 correcturae
847 2345 953 2417 postea
979 2345 1147 2402 atramento

225 2430 332 2490 factae.
366 2432 433 2506 post
452 2429 585 2508 singulos
605 2432 706 2487 autem
725 2430 817 2489 libros
835 2433 943 2506 poetae
962 2450 1071 2490 nomon
1091 2452 1146 2492 non

224 2523 408 2578 memoratur
432 2539 466 2578 ao
490 2538 526 2578 ne
550 2520 685 2578 confecto
710 2518 829 2594 quidem
853 2521 918 2578 toto
944 2540 1033 2596 opere
1057 2520 1146 2599 logitu

226 2600 329 2691 D(e)0
349 2601 527 2690 GR(ati)AS
546 2607 654 2666 FINIS
668 2608 804 2666 VENIT.

294 2717 475 2775 quamquam
495 2697 636 2756 librarius
655 2697 687 2755 in
706 2698 879 2758 omittendis
893 2700 1027 2758 versibus
1042 2700 1144 2759 minim

225 2807 277 2848 cus
296 2789 369 2864 fuit,
392 2791 494 2846 tamen
517 2790 638 2862 praeter
660 2787 738 2846 bano
760 2788 983 2865 neglegentiam
1005 2789 1144 2865 pleraque

225 2878 422 2953 transcripsit.
442 2876 521 2935 unde
534 2878 695 2936 correctori
703 2869 744 2948 μ2
758 2896 816 2935 non
831 2877 961 2936 multum
975 2898 1084 2954 operae
1098 2880 1142 2938 rel

224 2969 326 3026 tamen
345 2987 412 3026 eum
431 2986 491 3025 nou
506 2965 611 3025 eodem
625 2965 725 3025 codice
740 2985 827 3025 usum
841 2985 914 3043 osse,
933 2968 1012 3026 unde
1026 2961 1065 3040 μῙ
1086 2968 1143 3028 des<

224 3056 296 3115 licet
310 3057 521 3116 demonstrare.
547 3074 601 3114 neo
616 3055 696 3114 enim
711 3055 806 3115 solum
822 3075 924 3115 versus
940 3057 1056 3132 spurios
1073 3060 1101 3134 2,
1114 3061 1142 3118 37

224 3147 378 3222 supplevit
397 3147 531 3220 aliosque
551 3163 570 3202 a
587 3138 628 3216 μῙ
646 3147 836 3221 praetoriae,
855 3146 907 3204 sed
926 3148 1018 3204 etiam
1036 3167 1139 3207 versus

223 3233 293 3293 dam
313 3235 438 3310 addidit,
462 3235 514 3310 qui
537 3253 606 3292 cum
628 3236 660 3293 in
680 3234 831 3295 codicibus
854 3236 1012 3311 permultis
1032 3237 1141 3295 desider

224 3342 285 3383 non
304 3324 397 3401 ipsius
416 3324 532 3383 librani
552 3323 640 3399 culpa
658 3325 691 3383 in
709 3348 735 3396 μ
755 3323 855 3384 omissi
874 3325 1023 3384 videntur.
1061 3347 1131 3385 nam

314 3425 343 3498 4,
360 3426 425 3482 270
444 3426 564 3499 praeter
581 3415 621 3494 μ1
640 3422 785 3481 omittunt
802 3427 1051 3483 BMLchrv:
1075 3424 1140 3483 addi

316 3513 401 3586 9,53
494 3558 509 3588 „
582 3508 623 3584 μ1
695 3557 712 3588 „
802 3517 1027 3581 BMLchv:
1047 3514 1140 3572 addid·

313 3602 421 3676 9‚187
491 3645 508 3676 „
580 3595 620 3673 μῙ
693 3646 710 3677 ,,
799 3595 1139 3676 ΒΜὮΒῙῩταάὥᾶὶῒᾼ

213 3698 347 3757 lectione
359 3701 534 3776 Debiliiorc,
554 3701 632 3760 siout
645 3705 687 3775 N,
703 3701 826 3760 eandem
840 3702 872 3759 in
886 3705 971 3761 textu
986 3694 1022 3760 θ’
1042 3703 1139 3762 eubibc

200 3785 287 3843 rarle
305 3787 445 3851 lectione
463 3795 505 3852 D.
