2684 4317
195 419 308 472 LXXVI
505 418 675 473 EDITORIS
696 417 901 472 PRAEFATIO

195 587 250 646 bus
274 591 328 646 aui
350 588 447 648 tribus
471 588 622 647 codicibus
646 589 748 646 elecbis
771 588 955 664 reliquorum
978 591 1019 648 bu

195 679 312 750 nissam,
327 679 503 752 prussorum
518 696 586 736 oum
599 677 722 736 minime
737 694 838 736 omnes
849 676 929 737 suci
943 677 1019 737 cedi(

263 766 315 825 sed
337 769 514 843 priusquam
533 767 716 826 Thebaidem
738 766 849 825 multos
868 767 1019 844 vigilatam

195 855 228 913 in
246 855 400 931 publicum
419 857 598 930 emittimus,
617 858 732 933 gratias
752 874 840 932 agere
859 855 944 914 decet
963 858 1006 916 eis

194 945 344 1004 iutoribus
373 945 507 1020 quolibet
533 945 620 1003 modo
648 947 680 1003 in
707 964 742 1003 ea
769 945 883 1004 edenda
909 963 979 1003 usus
1003 963 1019 1004 s

195 1034 333 1109 inprimis
353 1038 387 1092 ut
405 1035 579 1093 collationes
599 1034 735 1093 codicum
753 1035 816 1110 ipse
836 1033 1019 1110 conficerem,

195 1123 307 1200 insigni
330 1124 513 1182 liberalitate
536 1124 756 1199 praefectorum
778 1123 1019 1182 bibliothecarum

195 1211 563 1272 Mediceo·Laurentianae
576 1213 763 1272 Monacensis
772 1212 935 1288 Parisinae,
949 1214 1002 1288 qui
1015 1238 1019 1266 l

195 1302 341 1360 miserunt
369 1303 417 1360 vel
440 1301 520 1377 apud
550 1321 581 1362 se
607 1305 642 1360 ut
666 1303 833 1360 conferrem
857 1303 1019 1378 permisero

196 1388 316 1449 Obbonis
335 1390 456 1449 Mulleri
478 1391 542 1450 filia
561 1392 736 1451 collationes
756 1394 786 1451 et
805 1391 842 1449 ab
861 1394 928 1468 ipso
946 1394 1019 1466 palm

194 1497 283 1538 usum
302 1479 339 1538 ab
359 1481 426 1539 aliis
440 1483 514 1540 viris
533 1479 628 1539 doctis
647 1481 797 1540 confectas
815 1481 891 1538 mihi
908 1479 1019 1539 braden<

195 1587 232 1626 ne
251 1572 346 1644 patris
365 1570 485 1647 egregia
505 1570 541 1628 de
560 1569 659 1629 scatio
677 1570 785 1628 merita
804 1570 941 1628 latereni.
978 1569 1012 1628 in

196 1661 298 1716 aulem
316 1659 449 1736 plagulis
468 1660 557 1718 amici
576 1660 704 1718 Ioannes
718 1658 828 1718 Lamer
841 1659 1006 1734 Lipsiensis

195 1746 326 1806 Lehnerb
344 1746 492 1808 Gissensis
511 1748 606 1807 obium
625 1767 712 1807 suum
732 1749 876 1807 collocare
895 1767 954 1807 non
968 1747 1019 1807 ded

262 1874 369 1948 scripsi
387 1873 583 1950 Argentorati
601 1891 702 1931 mense
720 1873 861 1932 Ianuario
883 1873 976 1932 1908.

882 2007 1019 2076 Alfnedn
