2684 4317
196 413 262 470 XVI
505 412 901 488 ablroalspraansnrlo

264 583 310 643 bis
329 583 490 658 ampliores
508 585 541 643 in
560 584 697 643 codiceb
718 586 820 643 extant
838 584 964 643 lacunae
982 603 1038 644 nec
1057 602 1076 643 a
1094 584 1122 643 lil

197 672 382 750 significatae
396 691 450 731 neo
464 691 482 731 a
496 676 670 742 correctore,
690 674 768 733 unde
787 692 836 733 eas
855 676 887 732 in
901 674 1064 749 exemplari
1084 693 1122 733 er

196 763 389 822 manifestum
414 765 467 822 est.
505 762 712 823 desiderantur
735 766 814 822 enim
838 762 929 822 Theb.
946 763 975 838 8,
992 764 1121 823 ebo-o

198 853 227 926 9,
243 852 428 911 464—559.
457 855 548 928 atque
567 853 622 912 hoo
641 852 706 912 loco
727 870 794 911 oum
815 854 855 912 96
875 870 979 912 versus
998 852 1120 911 defician

196 943 283 1016 paret
302 944 355 1000 aut
373 940 432 1000 dno
451 941 526 1000 folia
539 961 678 1002 versuum
694 943 735 1000 24
755 944 809 1000 ant
827 962 921 1000 unum
935 960 1076 1000 versuum
1090 945 1120 1000 42

196 1030 274 1090 iisse.
312 1030 364 1089 sed
386 1030 463 1089 alter
485 1030 577 1106 locus,
600 1030 652 1089 nbi
678 1031 740 1089 132
766 1049 868 1090 versus
891 1031 1008 1105 desunt,
1032 1031 1071 1090 ad
1094 1051 1119 1090 er

196 1120 344 1179 rationem
363 1119 460 1197 redigi
477 1140 538 1180 non
555 1123 663 1196 potest.
692 1138 763 1178 nam
782 1120 840 1180 duo
859 1119 935 1180 folia
953 1139 1093 1179 versuum
1109 1121 1119 1180 ἔ

196 1208 340 1268 ciderunt.
363 1208 465 1285 itaque
481 1211 606 1269 alteram
620 1210 760 1268 lacunam
775 1209 867 1269 altius
882 1209 1039 1269 ascendere
1053 1228 1118 1269 neos

197 1300 365 1358 statuimus.
408 1297 460 1357 sed
485 1298 623 1374 quamvis
647 1298 707 1357 alio
733 1299 799 1359 loco
823 1298 965 1358 lacunam
989 1299 1052 1357 132
1077 1318 1117 1358 ve:

197 1388 288 1447 etiam
302 1390 334 1446 in
349 1387 499 1448 codicibus
514 1393 581 1456 QK
594 1388 805 1462 invenerimus
819 1389 922 1447 tamen
937 1388 1055 1448 cantius
1071 1390 1117 1446 eri·

195 1496 250 1552 pro
270 1480 350 1536 certo
369 1476 536 1553 adfirmare,
554 1478 732 1554 praesertim
746 1482 850 1537 cumb
871 1479 965 1537 artius
985 1496 1075 1553 quarn
1095 1497 1116 1537 a

196 1583 227 1626 se
246 1566 285 1625 ad
299 1565 415 1627 codices
428 1573 456 1626 B
471 1570 501 1628 et
515 1586 533 1626 r
547 1567 689 1645 applicet,
703 1567 735 1625 id
750 1567 831 1644 quod
844 1567 924 1625 infra
938 1567 1115 1627 demonstral

196 1674 230 1713 ac
249 1674 286 1714 ne
304 1655 361 1716 hoe
379 1656 500 1732 quidem
524 1656 604 1732 qnod
622 1659 655 1716 in
672 1660 696 1715 b
716 1659 795 1716 siout
816 1657 849 1714 in
868 1661 967 1723 PQK
985 1655 1114 1717 Achillei

196 1744 378 1804 Thebaidem
401 1746 554 1806 invenitur
572 1779 616 1787 -
634 1765 705 1805 nam
729 1746 905 1822 plerumque
924 1745 1052 1805 Thebais
1072 1746 1114 1805 sol

196 1833 279 1893 ditur
296 1835 518 1911 —quicquam
543 1835 629 1896 nobis
652 1835 797 1894 utilitatis
822 1834 927 1894 adfert.
969 1854 1039 1894 narn
1059 1854 1113 1894 cun

195 1924 304 1983 lacuna
322 1924 376 1983 illa
391 1927 554 1985 communis
569 1924 705 1985 codicum
721 1916 851 2005 QK01)
866 1943 925 1983 non
945 1927 1041 1984 exstet
1060 1943 1112 2000 pos

198 2017 225 2089 1,
237 2013 311 2089 528,
330 2012 368 2072 ab
382 2014 430 2075 his
449 2014 599 2075 codicibus
618 2019 641 2073 b
660 2016 826 2090 separatur.
855 2012 971 2072 accedit
990 2013 1070 2090 qnod
1090 2014 1111 2073 si

196 2108 235 2178 Q,
253 2100 299 2162 ita
317 2103 385 2163 inb
403 2103 603 2164 Achilleidem
621 2123 682 2162 non
701 2103 853 2177 exeodem
873 2102 1036 2178 exemplari
1054 2105 1110 2162 tra]

195 2195 259 2251 tem
278 2211 341 2253 esse
360 2195 487 2269 conicio,
510 2193 589 2252 unde
609 2192 738 2251 Thebais
757 2195 877 2268 sumpta
896 2195 949 2252 est.
987 2191 1031 2250 nil
1050 2192 1110 2252 dioc

195 2282 227 2339 in
246 2281 398 2342 codicibus
420 2285 548 2343 maxime
572 2301 639 2342 oum
658 2288 681 2342 b
705 2283 841 2360 cognatis
859 2287 886 2340 B
906 2284 971 2340 etr
994 2281 1109 2341 Achille

195 2371 319 2449 legitur:
339 2390 374 2430 ex
392 2370 458 2449 ipsa
473 2370 633 2431 Thebaidis
648 2370 867 2448 subscriptione
882 2362 946 2450 (fol.
963 2361 1031 2451 88²)
1050 2373 1109 2430 recl

195 2459 313 2521 cludere
335 2461 545 2537 mihi'videor,
569 2461 660 2520 aham
685 2479 749 2520 esse
768 2459 914 2538 originem
937 2459 1107 2535 Thebaidis,

195 2550 380 2611 Achilleidis.
413 2571 467 2611 nec
485 2551 565 2610 enim
584 2551 673 2609 aliter
692 2549 824 2627 expedio,
843 2549 923 2625 quod
941 2548 1043 2608 ultimi
1057 2549 1107 2607 Th

194 2639 265 2699 libri
282 2639 461 2717 subscriptio
480 2637 832 2700 PAPINH=SVRSVLI
843 2668 849 2683 ·
860 2636 1107 2697 THEBAIDOS·

195 2721 388 2812 DECIM(us)
399 2721 402 2811 Ι
414 2727 629 2788 FELICITER
639 2759 645 2771 ·
656 2727 843 2787 EXPLICIT
854 2759 860 2770 ·
870 2726 990 2786 AMHN
1004 2727 1097 2787 variis

195 2818 249 2878 bus
269 2818 368 2879 deleta
387 2822 441 2893 est,
459 2818 505 2879 ita
523 2820 558 2877 ut
575 2818 667 2878 rubro
687 2817 785 2878 colore
805 2816 964 2876 adderetur
981 2816 1106 2876 Achillei

195 2909 290 2968 tulus:
303 2907 455 2968 INCIPIT
466 2898 1073 2989 ·Lrss(er)·srnoss·noH1LLn1n0s
1088 2926 1105 2965 n

194 2999 257 3058 iam
283 2997 316 3057 in
342 2997 509 3057 Achilleide
543 3016 651 3056 nomen
675 2997 877 3056 adulteratum
900 3014 960 3054 non
983 2995 1044 3072 legi
1067 3015 1104 3055 ne

195 3089 297 3164 titulo,
311 3107 400 3164 quem
416 3088 559 3163 exscripsi
571 3105 668 3162 neque
682 3088 715 3144 in
729 3084 954 3161 subscriptione,
968 3084 1104 3144 ubiEXF

195 3169 232 3237 b¹
255 3178 388 3254 scripsit,
406 3176 523 3237 Stenas
541 3174 718 3236 Achilleidos
743 3174 860 3234 addidit
882 3165 927 3233 bi.
966 3177 1070 3233 contra
1090 3176 1104 3233 i

194 3266 282 3326 baide
301 3266 386 3327 libris
407 3271 435 3327 1.
452 3269 480 3327 2.
497 3267 524 3327 3.
542 3267 570 3325 5.
587 3267 614 3324 7.
632 3267 673 3324 12
697 3283 805 3325 nomen
828 3263 1027 3324 subscribitur
1044 3263 1104 3323 Pl:

196 3354 536 3432 STATH·SURSULI,
554 3358 623 3431 post
638 3355 731 3414 libros
751 3357 780 3413 4.
797 3354 825 3414 6.
841 3356 870 3412 9.
887 3356 937 3413 10.
955 3355 994 3412 11
1015 3352 1093 3412 nude

196 3443 623 3506 EXPLICIT·LIBER·III·
644 3436 689 3525 (et
703 3435 793 3524 sim),
811 3443 843 3501 in
861 3461 923 3501 una
943 3442 1042 3502 octavi
1060 3442 1102 3501 lib

195 3535 356 3612 scriptione
374 3554 483 3595 nomen
498 3533 632 3595 STATII
650 3534 747 3593 solum
761 3534 895 3609 apparet.

263 3625 391 3701 denique
415 3625 568 3685 occasione
592 3622 695 3684 oblata
717 3624 796 3698 utor,
819 3624 855 3680 ut
873 3640 1002 3681 errorem
1021 3639 1040 3680 a
1058 3641 1102 3682 me

242 3813 275 3879 1)
293 3811 332 3867 ef,
353 3813 500 3870 Achilleis
521 3833 548 3888 p.
564 3812 646 3870 XXX
659 3830 703 3884 Β(1·
