2684 4317
175 369 194 431 8
534 368 563 421 Ρ.
583 367 706 422 PAPINI
724 367 830 421 STATI

174 553 286 595 saevus
310 552 410 616 amor,
431 534 609 615 ruptaeque
633 531 718 596 vices
742 532 886 614 iurisque
909 533 1042 614 secundi

172 621 313 686 ambitus
337 621 506 704 inpatiens,
529 625 562 684 et
585 642 712 684 summo
737 620 862 684 dulcius
886 618 988 686 unum

173 714 257 775 stare
279 709 361 794 loco,
385 709 544 792 sociisque
569 730 675 774 comes
700 709 859 774 discordia
882 711 1001 796 regnis.

173 800 218 862 sic
241 798 298 863 ubi
322 799 462 864 delectos
485 820 543 882 per
566 803 659 864 torva
682 802 828 862 armenta
851 799 1006 865 iuvencos

173 887 315 973 agricola
338 888 492 971 imposito
516 889 638 952 sociare
662 888 802 951 adfectat
825 893 942 971 aratra,

173 977 222 1041 illi
245 977 459 1062 indignantes,
483 977 555 1061 quis
579 977 724 1041 nondum
747 998 876 1041 vomere
900 979 1005 1043 multo

173 1066 272 1130 ardua
294 1066 434 1131 nodosos
458 1068 565 1130 cervix
588 1065 753 1130 descendit
775 1066 810 1129 in
833 1088 949 1150 armos,

173 1157 213 1223 in.
230 1154 354 1219 diversa
377 1154 511 1218 trabunt
533 1159 631 1239 atque
655 1156 766 1239 aequis
789 1155 919 1220 vincula
942 1156 1056 1220 laxant

175 1244 298 1308 viribus
322 1248 354 1307 et
377 1243 466 1308 vario
491 1244 694 1308 confundunt
716 1244 820 1308 limite
843 1244 964 1309 sulcos:

172 1331 260 1396 haud
283 1355 376 1398 secus
399 1332 575 1397 indomitos
598 1354 751 1417 praeceps
775 1333 934 1398 discordia
957 1335 1075 1399 fratres

174 1425 309 1506 asperat.
356 1423 472 1486 alterni
495 1422 617 1506 placuit
641 1422 701 1486 sub
724 1422 853 1508 legibus
876 1425 953 1486 anni

173 1511 271 1576 exilio
294 1515 421 1575 mutare
445 1511 566 1575 ducem.
613 1511 659 1576 sic
683 1511 751 1576 iure
773 1513 918 1597 maligno

173 1601 336 1665 fortunam
360 1600 497 1665 transire
520 1600 641 1683 iubent,
664 1604 701 1663 ut
724 1603 850 1684 sceptra
872 1605 1038 1665 tenentem

172 1688 301 1754 foedere
323 1689 493 1773 praecipiti
517 1711 643 1774 semper
665 1710 769 1754 novus
792 1696 926 1776 angeret
949 1690 1052 1755 heres.

174 1778 252 1843 haec
276 1779 361 1843 inter
383 1780 499 1843 fratres
521 1781 625 1862 pietas
649 1782 727 1864 erat,
750 1779 829 1844 haec
852 1800 944 1844 mora
966 1801 1098 1866 pugnae

174 1868 244 1932 sola
266 1889 326 1932 nec
349 1867 382 1930 in
406 1889 514 1954 regem
538 1868 751 1950 perduratura
774 1869 959 1932 secundum.

174 1959 206 2021 et
230 1957 373 2021 nondum
398 1979 504 2022 crasso
528 1957 692 2040 laquearia
714 1957 804 2021 fulva
826 1958 969 2040 metallo,

172 2046 338 2110 montibus
362 2049 419 2109 aut
442 2047 506 2110 alte
530 2043 621 2111 Grais
646 2046 758 2110 effulta
780 2047 928 2110 nitebant

173 2136 264 2220 atria,
289 2139 458 2220 congestos
483 2135 562 2200 satis
586 2135 778 2219 explicitura
802 2135 943 2218 clientis3

172 2246 238 2288 non
261 2224 420 2307 inpacatis
442 2246 555 2310 regum
579 2224 791 2309 advigilantia
813 2225 935 2290 somnis

173 2312 248 2398 pila,
271 2335 331 2378 nec
354 2312 477 2376 alterna
500 2313 577 2377 ferri
602 2314 742 2378 statione
765 2319 929 2399 gementes

174 2402 326 2468 excubiae
349 2423 408 2466 nec
432 2424 508 2467 cura
530 2424 617 2468 maro
643 2403 845 2468 committere
868 2425 1012 2489 gemmas

174 2495 270 2575 atque
293 2514 407 2555 aurum
432 2491 552 2555 violare
576 2492 670 2556 cibis:
696 2492 752 2555 sed
774 2492 861 2555 nuda
883 2497 1028 2575 potestas

173 2580 311 2645 armavit
334 2581 459 2666 fratres,
482 2602 592 2665 pugna
615 2584 664 2645 est
688 2580 726 2644 de
749 2602 890 2665 paupere
913 2602 1023 2666 regno.

91 2692 102 2714 ⁰
175 2669 315 2753 dumque
338 2673 411 2733 uter
434 2674 590 2755 angustae
613 2669 795 2754 squalentia
818 2671 930 2755 iugera
952 2669 1067 2735 Dirces

174 2762 312 2823 verteret
336 2763 391 2822 aut
415 2758 505 2843 Tyrii
529 2759 610 2823 solio
634 2779 700 2822 non
724 2759 809 2822 altus
832 2763 943 2824 ovaret

247 2957 297 3005 152
317 2956 347 3005 Σ
360 2957 384 3018 2,
395 2957 447 3006 433
462 2951 576 3006 horrida
586 2952 695 3006 Dirces:
710 2968 817 3005 memor
831 2955 916 3020 poeta
931 2952 1106 3021 superiorum

174 3021 227 3077 ait:
248 3023 370 3091 dumque
391 3065 441 3076 ...
460 3025 581 3076 verteret

247 3224 298 3272 129
317 3218 503 3287 impatiens?
557 3236 645 3271 unum
659 3224 725 3273 Por:
746 3235 801 3272 uno
816 3227 851 3272 D:
871 3220 927 3274 imo
945 3237 974 3279 ςε
994 3220 1044 3273 uni
1059 3222 1107 3275 Hc

248 3295 298 3343 130
317 3290 412 3360 regnis
431 3293 467 3359 (s
482 3289 547 3344 odd.
564 3289 647 3358 ΒΨ)
667 3295 733 3343 Por:
754 3291 834 3360 regni
854 3308 870 3350 ς
888 3291 1011 3404 Scalpplpr
1085 3299 1109 3345 1:

174 3413 224 3467 ubi
242 3420 308 3469 Por:
332 3415 415 3467 sicuti
435 3415 577 3475 Baehrens
595 3420 691 3469 contra
711 3414 785 3468 Stati
802 3432 882 3468 cesum
962 3415 1083 3470 dilectos
1103 3423 1109 3468 l

318 3499 343 3527 θῐ

176 3544 227 3593 13ῠ
246 3538 368 3603 indivisa
383 3538 417 3599 α’
491 3545 541 3593 143
560 3538 667 3602 om.1.¹‚
686 3538 800 3592 add.1.²
873 3544 925 3592 144
943 3538 1022 3593 fulva
1035 3545 1103 3593 Por:

174 3611 227 3665 1¹:
246 3609 320 3663 fulta
338 3609 468 3675 mma
487 3611 604 3676 Mdller,
627 3610 674 3664 scd
692 3627 749 3663 non
771 3612 913 3665 colrcmaoe
932 3627 965 3664 ex
982 3613 1109 3678 metalla,

230 3687 281 3735 145
301 3680 400 3734 effulta
422 3687 490 3736 Ρωε
519 3679 620 3735 effossa
649 3681 823 3736 Koestliatas
904 3686 959 3732 iso
987 3681 1106 3733 clientes

162 3757 220 3805 147
233 3752 429 3822 impacatis?
505 3759 559 3810 152
578 3756 645 3810 uter
664 3772 699 3810 ccc
718 3753 775 3807 iter
793 3752 836 3804 1¹
894 3751 992 3802 direae
1005 3753 1049 3804 Q
