2684 4317
197 418 310 471 LXVIII
509 415 677 470 auirouls
697 414 902 470 PRAEFATIO

197 588 359 646 mutaverit
377 620 421 629 —
439 606 531 644 unum
551 587 641 644 affero
665 587 832 661 exemplum
851 585 883 643 in
901 605 934 644 re
953 586 1115 646 confessa!

238 673 290 716 oeci'
316 682 326 708 r

197 672 363 802 amadeus
377 723 417 789 Pl
435 761 488 801 -,
507 733 633 804 apparet
651 730 684 786 in
703 728 865 804 exemplari
883 727 993 788 oodiois
1011 733 1038 787 P
1059 749 1074 786 e
1092 748 1115 788 u

197 819 296 878 varias
320 819 463 877 lectiones
488 817 606 876 additas
630 818 730 876 fuisse.
768 818 871 892 itaque
891 819 921 876 et
940 818 1066 894 vulgata
1084 836 1115 878 eu

197 907 261 966 diae
285 908 397 966 Iuliani
416 907 635 982 quodammodo
659 907 818 965 coniuncta
837 909 882 966 est
902 909 932 964 et
950 912 976 965 P
996 926 1064 966 oum
1082 926 1115 967 vu

196 997 227 1054 id
247 997 327 1072 quod
341 997 464 1055 minime
482 996 592 1053 mirum
607 999 660 1068 est,
680 996 856 1072 praesertim
871 1015 938 1054 oum
957 1015 992 1053 ex
1012 996 1115 1055 eisdem

197 1086 302 1144 onibus
317 1090 348 1144 et
361 1091 387 1144 P
402 1090 432 1144 et
447 1084 562 1143 codices
577 1108 604 1142 ω
620 1084 766 1161 originem
785 1084 903 1144 duxisse
918 1084 1115 1145 demonstrata

264 1176 437 1250 hueusque
461 1176 595 1246 nostrum
618 1177 683 1233 erat
706 1192 845 1249 separare
863 1173 937 1232 duas
957 1174 1066 1251 stirpes
1085 1178 1111 1234 P

196 1266 232 1321 ut
250 1263 328 1322 unde
348 1282 483 1340 quaeque
497 1263 586 1321 lectio
605 1266 703 1321 tracta
722 1266 807 1337 esset,
826 1263 930 1322 liceret
948 1281 1115 1340 cognoscere

196 1354 278 1411 ultra
291 1352 509 1430 progredimur,
528 1356 562 1408 ut
577 1371 758 1428 exponamus
778 1353 926 1428 quomodo
941 1352 1115 1414 diversitas:

194 1442 347 1500 Iulianeae
372 1444 402 1499 et
425 1440 568 1517 vulgatae
588 1445 654 1499 orta
678 1443 726 1499 sit.
758 1460 830 1499 nam
848 1441 985 1517 quamvis
999 1446 1026 1500 P
1046 1446 1115 1502 aeter

195 1531 311 1589 dinibus
326 1530 491 1603 antecedat,
510 1533 611 1588 tamen
630 1550 690 1589 non
708 1534 819 1590 temere
834 1551 902 1590 eum
916 1532 1002 1606 sequi
1014 1532 1095 1591 lieet.

196 1638 264 1678 eum
287 1639 340 1678 neo
365 1618 647 1694 interpolationibus
671 1622 773 1678 eareat
794 1619 843 1678 hio
867 1620 958 1679 codex
981 1639 1036 1678 neo
1059 1638 1115 1681 em

195 1728 376 1784 unoquoque
394 1709 460 1767 loeo
480 1708 641 1784 diligenter
663 1707 864 1785 reputandum
883 1713 938 1783 est,
956 1711 1019 1768 utri
1038 1712 1115 1787 stirp

195 1799 235 1856 sit
258 1798 402 1856 habenda.
440 1798 523 1857 velut
547 1800 619 1872 quin
643 1799 672 1869 3,
690 1800 753 1856 710
772 1815 885 1871 pareus
907 1798 939 1856 in
957 1803 984 1857 P
1008 1817 1063 1874 pro
1088 1816 1115 1878 g<

196 1887 323 1946 lectione
337 1891 425 1960 pater
444 1887 671 1962 interpolationi
686 1887 839 1960 debeatur,
858 1907 918 1947 non
936 1886 1050 1947 dubito.
1074 1888 1112 1947 ei.

198 1978 226 2048 7,
241 1977 283 2034 88
304 1995 362 2050 quo
381 1978 447 2035 looo
463 1994 564 2035 versus
583 1976 707 2034 mutilus
726 1976 817 2035 fuisse
836 1976 956 2035 videtur
974 1979 1006 2034 in
1026 1977 1115 2037 nodio

196 2066 247 2122 ani
264 2065 396 2123 noudum
415 2084 509 2132 arma,
534 2065 615 2139 quod
638 2066 779 2123 damnum
802 2057 842 2124 Pl
861 2065 1004 2125 resarcire
1029 2067 1115 2127 nouat

194 2153 280 2213 iuxta
303 2153 455 2228 adscripta
478 2173 549 2214 voce
573 2157 723 2226 quieseunt
741 2186 785 2194 —
804 2173 858 2213 neo
882 2154 960 2212 enim
984 2156 1115 2215 continui

195 2242 286 2304 verba
301 2243 413 2317 scripta
427 2246 497 2302 sunt
507 2263 564 2300 -ε
579 2263 651 2302 vera
665 2246 785 2303 servata
798 2247 868 2302 sunt
881 2246 913 2302 in
928 2265 970 2302 m:
984 2246 1115 2304 noudum

195 2334 314 2391 carinis
362 2333 390 2407 8,
408 2333 470 2390 276
486 2333 608 2405 prodite
628 2353 669 2390 ωε
684 2334 825 2406 prodigia
843 2338 869 2391 P
889 2333 970 2408 quod
988 2335 1102 2395 temere

195 2425 260 2480 tum
279 2421 399 2480 videtur
418 2441 453 2480 ex
472 2441 570 2480 errore
586 2423 718 2494 predico.
758 2424 786 2496 8,
803 2423 866 2481 536
887 2427 964 2481 certa
983 2424 1115 2498 iuduunt

195 2515 303 2569 cerium
321 2512 515 2585 indignantur
534 2516 573 2584 P3
597 2530 703 2586 nempe
722 2511 895 2584 Indignatur
919 2531 974 2588 pro
994 2515 1054 2571 -tus
1072 2528 1115 2572 sot

194 2600 263 2676 fuit,
278 2600 384 2658 deinde
398 2599 474 2658 illud
489 2599 626 2658 effectum
641 2603 676 2658 ut
690 2599 818 2676 quilibet
832 2619 935 2660 sensus
949 2602 1099 2660 existeret

195 2689 292 2747 latina
316 2687 445 2747 scribere·
466 2690 539 2755 satis
563 2689 668 2747 habuit
691 2688 832 2748 librarius
851 2695 877 2748 P
896 2689 989 2749 etiam
1015 2693 1066 2764 12,
1082 2690 1115 2751 tl

194 2797 248 2852 pro
264 2780 400 2855 genuinis
413 2778 511 2836 verbis
524 2780 652 2850 imagine
667 2782 749 2836 torva
763 2780 795 2836 in
805 2784 831 2837 P
843 2782 941 2838 exstat
952 2781 986 2837 iu
999 2780 1115 2852 aptatae

196 2867 257 2927 alia
275 2867 516 2942 interpolationis
531 2868 666 2942 exempla
681 2886 772 2943 supra
786 2867 929 2942 dedimus,
945 2869 1007 2926 alia
1021 2868 1053 2926 in
1068 2886 1115 2947 app

195 2956 297 3016 critico
317 2956 365 3015 hie
384 2955 447 3015 illie
466 2957 644 3015 notavimus.

262 3045 314 3104 sed
331 3048 367 3103 ut
384 3049 464 3104 reete
478 3044 589 3122 eligere
602 3046 760 3121 possimus,
779 3046 926 3121 quomodo
946 3047 1089 3123 vulgatae
1106 3044 1115 3105 i

194 3134 316 3209 pantiae
336 3136 455 3193 exortae
470 3136 540 3206 sint,
559 3134 772 3193 enucleandum
793 3139 846 3193 est.
879 3155 973 3194 unum
987 3134 1114 3195 antemi

194 3224 370 3283 mutationis
399 3223 512 3281 detexit
540 3221 612 3282 Otto
641 3217 796 3303 Munerl),
824 3224 991 3284 illustravit
1021 3223 1113 3285 uarro

194 3314 298 3387 pausis
318 3313 475 3388 exemplis,
494 3312 547 3371 sed
570 3316 710 3389 exparte
729 3313 826 3371 minus
846 3312 969 3373 idoneis.
1016 3322 1113 3375 nami

195 3404 312 3474 agmine
329 3403 416 3473 lucto,
437 3401 517 3476 quod
536 3404 633 3460 exstat
652 3403 684 3460 in
703 3404 786 3474 P0m,
806 3401 982 3479 Vergiliana
1001 3404 1112 3462 auoton‘

195 3508 257 3549 esse
272 3493 445 3566 corruptam
464 3510 499 3548 ex
514 3492 644 3566 genuina
659 3493 786 3550 lectione
801 3494 917 3564 agmine
931 3510 1038 3566 mogun
1053 3492 1112 3553 real

268 3662 293 3728 1)
312 3660 342 3713 in
361 3661 546 3714 adnotatione
566 3661 603 3714 ad
622 3660 711 3720 Theb.
728 3667 753 3727 1,
767 3667 826 3714 356.

258 3734 287 3798 2)
302 3732 395 3801 praef.
415 3750 445 3802 p.
460 3731 506 3787 XI.

247 3805 277 3866 3)
297 3803 334 3857 ef.
356 3806 431 3861 Aen.
449 3812 472 3875 1,
489 3811 534 3862 83.
556 3809 584 3877 8,
600 3809 654 3864 595
676 3809 780 3878 Geotg.
793 3808 893 3871 baffi·
