2684 4317
438 405 607 460 EDITORIS
625 405 833 462 PRAEFATIO
1045 409 1148 463 XXVII

164 573 524 651 codicisdenuoinspiceret.
558 578 611 651 qui
620 576 719 635 officio
730 595 847 635 summa
857 596 923 636 cum
938 578 1148 638 benevolentia

164 660 254 724 11111110
270 685 317 724 1110
335 666 370 723 de
393 664 482 723 Theb.
501 670 528 740 1,
544 667 686 741 389-2,
703 667 765 724 242
786 667 1008 726 accuratissime
1028 668 1148 727 edocuit

163 769 200 810 occ
218 773 269 812 non
292 754 328 813 de
350 754 472 830 domnia,
497 774 573 830 quae
597 755 689 814 codex
713 755 869 814 contraxit.
908 757 1102 832 quamobrem
1121 757 1148 815 ei

162 842 350 916 gratashaheo
363 844 514 904 maximas.
533 844 612 903 unde
623 845 758 922 cognovi,
769 864 954 920 quamquam
963 866 1023 905 non
1033 865 1149 905 summa

129 954 131 987 z
162 947 201 988 rec
217 933 257 990 uti
280 935 344 1008 quis
371 952 500 1008 aequum
523 935 672 992 censuerit
699 934 858 1011 diligentia
880 934 1087 994 Kohhnannus
1111 935 1148 994 de

161 1018 237 1080 codice
252 1022 374 1098 rettulit,
398 1023 548 1080 tamenin
567 1023 741 1082 universum
760 1025 788 1081 ei
802 1023 890 1082 fidem
908 1024 1085 1083 hahendam.
1114 1044 1147 1081 ex

160 1109 291 1186 utiusque
309 1111 365 1170 viri
388 1111 467 1171 docti
491 1112 689 1187 descriptione
713 1113 787 1171 haec
805 1113 838 1170 in
856 1132 956 1170 meum
975 1131 1063 1172 usum
1083 1132 1148 1171 cou-

160 1200 235 1257 verto:
251 1200 376 1276 scriptus
396 1202 441 1258 est
459 1219 477 1258 a
495 1200 632 1276 pluribus
651 1200 783 1260 librariis
802 1201 922 1261 saeculo
941 1202 985 1261 XI
1004 1203 1149 1261 continet-

161 1304 205 1360 que
218 1288 291 1349 foliia
309 1290 472 1349 numeratis
490 1292 551 1349 162
572 1323 614 1330 -
630 1290 682 1350 sad
696 1310 794 1349 errore
813 1310 956 1350 numerus
977 1291 1147 1350 2011101110

159 1373 221 1435 foliis
231 1379 450 1454 insequentibus
462 1379 630 1456 adscriptus
646 1382 692 1439 est
705 1413 749 1421 —
764 1380 947 1439 Thebaidem
962 1385 992 1438 et
1006 1380 1146 1439 Achillei·

159 1461 217 1540 dom,
229 1487 301 1543 quae
314 1468 384 1527 inde
399 1489 417 1528 a
430 1469 503 1528 folio
521 1471 583 1527 145
600 1471 713 1527 exitum
727 1469 795 1528 libri
813 1469 950 1546 complet.
977 1470 1091 1529 scholia
1110 1470 1148 1527 ad

159 1550 312 1616 lhebaidem
327 1560 445 1616 exstant
458 1557 616 1633 uberrima,
631 1559 669 1616 ad
679 1558 877 1618 Achilleidem
886 1559 978 1617 nulla.
997 1560 1075 1618 hanc
1090 1578 1148 1617 non

159 1660 184 1697 01
191 1645 280 1704 codem
290 1647 373 1705 Ionte
383 1665 520 1706 manasse
531 1646 686 1723 probabile
698 1650 751 1707 est.
771 1667 824 1707 nec
835 1650 954 1708 enimin
966 1672 993 1707 ω
1003 1648 1148 1708 Achilleis

159 1747 274 1808 unquam
283 1735 402 1795 videtur
411 1736 503 1796 fuisse
512 1737 671 1796 coniuncta
683 1756 750 1796 cum
760 1737 919 1796 Thebaide.
938 1757 1090 1814 quaecum
1104 1741 1149 1796 ita

158 1820 209 1895 1111,
215 1843 315 1883 vanam
324 1845 408 1901 spem
422 1826 513 1885 fuisse
528 1827 634 1900 elucet,
648 1826 684 1885 de
696 1826 871 1886 Achilleidis
881 1828 1045 1886 traditione
1058 1847 1148 1902 quae-

159 1909 259 1971 stionem
280 1934 342 1972 una
364 1933 434 1973 cum
452 1914 601 1974 Thebaide
625 1934 711 1991 possa
734 1917 856 1976 absolvi.
894 1916 985 1975 immo
1009 1917 1082 1975 haec
1101 1936 1148 1976 res

129 2064 131 2081 .
159 1995 296 2081 onagro
311 2004 433 2062 videtur
445 2005 611 2080 tractanda,
626 2005 678 2064 sed
691 2006 728 2063 ab
743 2007 798 2064 hac
813 2005 966 2064 occasione
982 2005 1081 2065 aliena
1094 2009 1148 2066 est.

129 2090 132 2165 l
205 2095 352 2166 perierunt
380 2093 491 2152 codicIs
514 2094 609 2170 ipsius
635 2094 793 2169 quaternio
818 2095 946 2170 primm,
975 2115 1035 2171 quo
1063 2098 1148 2154 erant

159 2180 239 2255 scripti
259 2183 350 2242 Theb.
369 2184 566 2258 1,1-388,
591 2183 658 2242 dein
678 2185 800 2260 septimi
818 2185 1023 2259 quaternionis
1043 2184 1148 2244 folium

160 2265 270 2331 ultimum
287 2274 307 2331 i.
323 2275 354 2348 4,
370 2273 437 2332 840
451 2263 666 2354 (833)-850
683 2265 777 2353 (843)
798 2292 864 2331 011111
884 2276 1060 2351 argumento
1079 2274 1148 2331 libri

160 2357 238 2435 quinti,
250 2366 313 2421 tum
326 2363 389 2422 toti
398 2365 524 2438 quartus
533 2363 664 2421 decimus
676 2364 706 2421 et
715 2363 839 2438 quintus
849 2362 980 2422 decimus
995 2364 1147 2438 quaterni-

159 2461 208 2508 ones
217 2452 459 2529 insequentiSque
471 2452 545 2510 folia
557 2453 702 2527 quattuor
714 2452 733 2509 i.
748 2454 776 2528 8,
789 2454 929 2528 127-9,
940 2454 1004 2511 230
1020 2452 1147 2526 denique

159 2534 217 2598 lotus
233 2543 391 2618 quaternio
410 2541 557 2616 septimus
576 2540 708 2600 decimus
727 2540 746 2599 1.
767 2543 796 2616 9,
811 2542 1005 2600 454-203.
1044 2544 1149 2599 contra

158 2620 237 2690 houna
254 2631 327 2691 Ach.
351 2635 379 2706 1,
395 2630 571 2690 529-660
591 2630 682 2689 altius
702 2630 844 2706 ascendit,
864 2633 975 2706 quippe
995 2650 1072 2706 quae
1087 2629 1148 2689 Gu-

158 2710 221 2778 ttam
237 2720 403 2781 communis
422 2721 462 2778 sii
480 2738 547 2779 cum
562 2725 600 2787 Q.
628 2720 678 2778 hic
695 2719 760 2778 illic
778 2722 914 2795 picturae
930 2719 1090 2779 admodum
1103 2721 1148 2777 in-

158 2808 360 2877 comaediae
385 2812 464 2868 sunt.
505 2809 631 2888 singulis
655 2811 755 2868 autem
781 2809 900 2887 paginis
924 2827 1026 2868 versus
1050 2810 1148 2868 viceni

157 2896 229 2957 uani
248 2901 297 2958 vel
321 2899 433 2958 noveni
456 2900 572 2958 exarati
594 2902 675 2957 sunt.
711 2899 789 2957 unde
812 2918 882 2957 vero
905 2899 983 2958 liber
1004 2900 1037 2956 in
1057 2897 1148 2957 Gudii

156 2997 233 3047 miuus
245 2987 428 3066 pervenerit,
446 2988 584 3066 indagari
597 2990 711 3064 nequit.
740 3007 819 3046 nunc
838 3008 904 3047 cum
919 2989 1043 3064 reliquis
1058 2986 1148 3046 Gudi-

156 3074 199 3132 air
213 3080 240 3137 111
257 3078 445 3138 bibliotheca
463 3076 701 3154 Guelferbytana
721 3078 904 3137 adservatur.

195 3167 501 3244 insuhscriptionibus
511 3169 541 3224 et
550 3167 648 3226 tItulis
659 3167 776 3226 Sursuli
786 3186 949 3245 cognomen
959 3168 1040 3243 quod
1055 3167 1147 3225 selam

154 3265 273 3332 nmquam
288 3259 429 3333 apparet,
447 3257 532 3315 velut
545 3256 632 3315 finita
645 3256 797 3315 Thebaide
812 3258 924 3334 legitur
942 3254 1147 3314 EXPLICIT·

153 3335 278 3406 11111111
294 3378 300 3390 ·
317 3345 552 3406 THEBAIDOS
564 3376 570 3388 ·
581 3345 733 3404 INCIPIT
744 3376 750 3388 ·
761 3345 785 3403 P
796 3377 801 3387 ·
812 3345 968 3404 PAPINII
978 3376 984 3387 ·
996 3344 1146 3403 STATII·

152 3429 549 3496 IUHILLEIDOSIIBI.
586 3438 735 3495 corrector
759 3436 881 3510 quidam
905 3435 1016 3494 saeculi
1034 3433 1093 3491 XII
1115 3434 1148 3492 in

150 3518 290 3586 Achilleide
314 3543 421 3586 versus
445 3525 578 3603 singulos
602 3529 656 3583 aut
680 3525 780 3601 plures
804 3516 961 3605 omissos¹)
987 3523 1147 3599 supplevit,

149 3607 207 3673 idem
223 3635 367 3696 magnam
380 3614 466 3673 illam
484 3614 623 3673 lacunam
638 3614 712 3674 Aah.
729 3617 757 3687 1,
773 3616 836 3673 529
848 3632 890 3688 sq.
911 3612 1049 3689 explevit.
1077 3631 1147 3689 neg-

199 3808 224 3871 1)
239 3805 272 3858 εἰ,
289 3801 464 3856 Kohlmanui
478 3801 618 3860 Achilleis
637 3825 668 3878 p.
684 3806 718 3864 X.
