2684 4317
221 404 295 458 XLII
537 405 706 459 EDl'l'ORIS
725 404 931 459 PRAEFATIO

220 575 352 653 vulgatis
362 575 542 635 editionibus
555 593 627 634 casu
637 576 833 634 constitutum
845 574 1034 634 tradiderimt
1042 577 1136 654 magis

220 665 366 723 traditum
380 667 583 724 restituerunt.
610 665 657 722 cui
671 664 836 723 temeritati
850 664 940 722 finem
953 665 1025 724 fecit
1040 662 1135 725 Ottol

220 755 273 828 qui
286 753 345 812 duo
360 774 470 832 genera
482 755 617 813 codicum
627 752 836 813 Statianorum
848 753 1019 813 constituit:
1033 754 1134 814 alterm

219 842 372 903 Puteaneo
383 836 448 924 (P),
463 843 592 902 alterum
607 844 712 902 ceteris
727 843 877 902 codicibus
893 835 960 924 (ω),
976 843 1084 918 quibus
1098 863 1133 903 vu

222 951 275 1008 pcr
294 933 424 991 medium
443 951 550 992 aevum
570 935 669 992 textus
688 935 872 1010 propagatus
892 934 944 992 est.

286 1022 468 1099 singularem
492 1024 593 1081 autem
617 1022 763 1080 Puteanci
785 1020 856 1079 libri
879 1021 1083 1083 condicionem
1101 1023 1131 1081 in

218 1111 326 1187 plicari
349 1113 488 1187 apparet,
512 1111 592 1186 quod
615 1129 692 1169 unus
716 1111 848 1169 omnium
871 1110 1026 1172 rectario
1049 1112 1130 1173 descs

219 1200 318 1259 codice
337 1200 448 1258 iuliani
471 1200 552 1258 illius
575 1221 602 1259 v.
623 1218 646 1258 c.
671 1202 755 1259 cuius
778 1219 886 1259 nomen
908 1199 940 1258 in
959 1201 1059 1276 quinti
1077 1201 1130 1259 Tb

218 1290 289 1348 libri
308 1288 524 1365 subscriptione
543 1290 661 1366 legitur.
687 1310 777 1365 quam
795 1289 973 1366 possessoris
988 1289 1129 1367 significa*

218 1398 313 1453 neque
332 1378 370 1436 ad
389 1379 572 1437 Puteaneum
591 1380 691 1454 ipsum
714 1380 863 1455 pertinere
886 1396 982 1454 nequc
1002 1379 1041 1438 ad
1060 1380 1123 1440 eius

218 1469 285 1543 plar
303 1471 414 1526 certum
436 1471 487 1527 est.
516 1487 612 1543 neque
631 1470 711 1526 enim
729 1468 816 1527 illum
829 1468 981 1527 Iulianum
1000 1470 1070 1545 post
1087 1487 1127 1528 sat

218 1559 357 1632 quintum
377 1559 431 1616 aut
449 1560 566 1616 sextum
580 1557 672 1616 fuisse
691 1559 757 1632 ipso
777 1559 866 1617 titulo
884 1557 943 1617 viri
962 1558 1122 1618 clarissimi

218 1645 306 1705 ditur.
338 1647 441 1722 itaque
461 1648 589 1705 alterum
609 1667 642 1705 ex
662 1646 705 1707 eis
724 1647 817 1706 fuisse
837 1648 958 1721 conieci,
978 1649 1032 1722 qui
1047 1646 1126 1724 Sym]

216 1756 284 1794 rum
303 1736 511 1794 familiaritate
530 1736 576 1793 usi
596 1730 703 1817 sunt.¹)
733 1737 781 1795 cui
800 1737 936 1813 opinioni
955 1738 1073 1816 egregie
1092 1755 1125 1797 co

217 1825 297 1901 quod
315 1825 460 1884 Prisciani
484 1825 657 1885 testimonia
676 1846 744 1885 eum
763 1825 907 1885 Puteanei
930 1826 1108 1886 lectionibus

216 1917 385 1992 congruunt
409 1916 513 1973 contra
531 1917 643 1973 ceteros
665 1907 821 1995 codices.²)
859 1934 925 1974 curn
945 1935 1014 1974 vero
1033 1918 1124 1992 ipsum

217 2004 284 2063 anei
303 2005 453 2080 exemplar
472 2003 597 2063 insulari
617 2024 694 2079 quae
715 2004 827 2064 dicitur
852 2006 1001 2080 scriptura
1020 2006 1123 2065 exarat

217 2095 282 2166 crit,
305 2095 403 2168 ipsum
423 2094 555 2153 codicem
574 2093 686 2154 Iuliani
710 2094 889 2169 capitalibus
909 2095 1018 2154 litteris
1038 2096 1123 2172 script

216 2183 377 2243 Aelberhto
397 2183 619 2258 archiepiscopo
638 2177 822 2244 Eboracensi
844 2203 879 2242 ex
893 2183 985 2242 Italia
1005 2183 1036 2242 in
1050 2184 1122 2244 Brit

216 2272 373 2331 advectum
392 2291 454 2332 esse
474 2274 617 2349 suspicati
636 2291 749 2332 sumus.
791 2292 860 2331 nam
880 2273 1053 2348 adportasse
1072 2294 1121 2334 eur

217 2381 280 2420 cem
299 2362 429 2438 aliquem
449 2362 527 2421 Stati
547 2362 714 2438 discipulus
738 2364 870 2421 testatur
888 2355 1069 2444 alcuinusl)
1107 2384 1120 2423 c

216 2451 328 2510 tentiae
347 2452 458 2527 optime
478 2451 639 2529 respondet
657 2449 739 2527 quod
760 2451 929 2510 Puteaneus
948 2452 987 2511 ad
1006 2453 1120 2512 codioer

216 2540 333 2598 damnis
343 2542 538 2601 exterioribus
547 2541 628 2599 haud
638 2540 830 2599 mediocriter
842 2533 1017 2620 affectum&
1037 2543 1119 2601 multi

217 2632 320 2688 extant
342 2630 374 2688 in
397 2650 431 2690 eo
455 2632 579 2690 lacunae
603 2629 715 2707 partim
740 2633 890 2705 servatae,
917 2633 1030 2706 partim
1061 2651 1118 2709 exp

216 2722 379 2779 correctore
399 2721 519 2796 aequali
539 2724 585 2778 P‘.
633 2738 711 2794 quae
734 2719 860 2777 lacunae
884 2739 951 2778 cum
976 2722 1009 2778 in
1033 2723 1117 2780 ceteri

216 2808 297 2866 cibus
317 2831 344 2866 ω
364 2829 423 2868 non
447 2810 626 2886 appareant,
648 2809 702 2866 hos
721 2828 781 2867 non
805 2808 932 2883 pendere
952 2829 986 2868 ex
1004 2809 1116 2869 Iuliani

214 2897 406 2956 manifestum
425 2890 506 2978 cst.⁶)

282 2987 342 3044 iam
361 2989 480 3066 vulgati
502 2988 573 3046 libri
597 3011 625 3045 ω
649 2989 751 3044 utrum
775 2986 813 3044 ad
832 3007 924 3044 unmn
943 2989 1096 3064 exemplar

215 3095 254 3134 an
269 3077 417 3152 paulatim
432 3078 589 3152 depravati
604 3078 665 3135 sint
679 3095 714 3134 ex
729 3076 891 3150 archetypo
906 3076 1070 3150 quaeritur.
1098 3097 1113 3154 q

289 3231 313 3296 1)
333 3229 433 3283 Philol.
449 3236 482 3282 63
498 3229 542 3297 (Ν.
558 3229 588 3281 F.
606 3231 648 3296 15)
670 3232 739 3280 1904
758 3246 784 3296 p.
803 3233 899 3295 lbisq.

287 3303 312 3368 2)
333 3300 367 3354 cf.
377 3301 494 3355 Hermes
505 3305 539 3353 40
550 3303 640 3368 (lbos)
656 3317 683 3367 p.
695 3305 795 3367 341sq.
811 3316 867 3366 quo
881 3298 943 3353 loco
954 3300 990 3353 ad
1005 3317 1040 3354 ea
1054 3317 1111 3369 qua

214 3372 313 3441 gentia
322 3372 451 3441 peccarit
459 3372 619 3426 Priscianus
630 3371 719 3424 addas
728 3371 814 3424 Theb.
826 3376 866 3437 12,
876 3375 925 3423 811
938 3388 1022 3438 quem
1032 3370 1111 3426 locun

216 3460 286 3496 anus
296 3443 396 3497 laudat
406 3443 457 3498 GL
468 3444 585 3510 11331,o
596 3460 647 3511 pro
658 3444 774 3496 inultum
785 3459 940 3510 synonymo
951 3444 1063 3513 longam
1073 3443 1111 3498 sul

214 3585 227 3639 Ι
286 3518 312 3583 3)
333 3515 368 3569 de
383 3515 487 3569 sanctis
497 3514 701 3568 Euboracensis
716 3513 852 3567 ecclesiae
864 3519 932 3567 1552
943 3514 1058 3584 (Poetae
1073 3532 1110 3570 ac·

267 3628 273 3639 .
290 3593 341 3640 169
352 3604 392 3654 sq.
407 3629 412 3640 .

245 3606 264 3656 p
286 3660 312 3725 4)
333 3658 367 3712 cf.
390 3588 523 3711 sichilleis
545 3661 612 3710 1902
631 3676 659 3726 p.
678 3655 733 3710 VII.

280 3732 309 3798 5)
330 3730 406 3785 unde
425 3729 533 3784 cadunt
552 3744 585 3782 ea
604 3744 678 3796 quae
692 3727 844 3781 Garrodius
863 3728 962 3796 (praef.
978 3729 1046 3785 edit.
1066 3748 1094 3800 p.

192 3799 346 3869 cogitarit.
