2684 4317
246 381 312 446 226
586 407 588 412 ·
606 379 636 433 Ρ.
655 377 780 433 ΡΑΡΙΝΙ
798 377 903 432 STATI

247 544 280 607 in
303 543 436 625 medios,
459 543 589 625 lateque
612 543 718 607 ferens
742 542 801 607 sub
824 544 956 625 pectore
980 541 1093 607 dextro
1215 557 1225 606 ε

246 633 356 697 orbem
380 634 495 697 alium:
520 631 619 695 ‘huno
641 632 761 716 potius,
784 631 925 714 iuvenes,
949 631 1005 714 qui
1029 629 1159 696 moenia
1182 652 1225 695 sai

246 722 402 806 frangere,
426 722 483 804 qui
505 720 620 804 Tyrias
644 721 802 784 deiectum
825 719 941 785 vaditis
966 741 1066 802 eroes,

245 810 333 875 huno
355 811 473 893 rapite:
497 813 547 874 ast
570 809 652 873 illud
675 808 728 875 eui
750 831 816 873 non
840 808 1011 873 iaculabile
1036 809 1167 874 dextrae

246 900 407 984 pondus?
431 902 463 963 et
488 899 657 982 abreptum
680 899 770 962 nullo
795 897 962 962 conamine
985 898 1062 962 ieeit

247 989 398 1053 inlatus.
445 987 606 1052 absistunt
628 987 743 1071 proeul
765 987 959 1070 attonitique
983 986 1128 1052 fatentur
1207 1000 1225 1050 e

248 1079 370 1160 eedere3
393 1077 449 1140 vix
470 1098 553 1140 unus
576 1074 738 1162 Phlegyas
761 1097 894 1158 acerque
917 1074 1124 1141 Menestheus
1145 1111 1187 1123 -

247 1169 307 1232 hos
331 1168 427 1230 etiam
449 1166 554 1249 pudor
577 1169 610 1228 et
631 1166 743 1250 magni
765 1168 897 1228 tenuere
919 1169 1070 1248 parentes
1093 1201 1134 1212 —

247 1255 424 1340 promisere
448 1276 593 1338 manum3
617 1255 776 1318 concessit
799 1258 904 1317 cetera
926 1253 1031 1337 pubes

248 1349 362 1428 sponte
386 1348 418 1407 et
442 1344 573 1407 adorato
597 1342 693 1406 rediit
715 1342 855 1429 ingloria
878 1343 976 1407 disee.

249 1434 353 1517 qualis
377 1432 533 1496 Bistoniis
557 1431 678 1515 clipeus
701 1431 858 1496 Mavortis
881 1433 915 1496 in
938 1432 1025 1496 arvis
1204 1444 1225 1495 6

247 1524 318 1587 lues
342 1523 427 1585 mala
451 1521 600 1606 Pangaea
622 1520 698 1585 ferit
722 1519 886 1603 solemque
910 1520 1076 1607 refulgens

248 1610 376 1675 territat
399 1610 592 1693 incussaque
616 1609 666 1673 dei
691 1631 786 1695 grave
810 1609 916 1695 mugit
939 1610 980 1674 ab
1003 1609 1106 1675 hasta

316 1700 449 1764 Pisaeus
471 1698 632 1783 Phlegyas
656 1720 737 1782 opus
761 1699 892 1763 inehoat
915 1702 948 1764 et
971 1698 1071 1763 simul
1093 1718 1196 1764 omnes

249 1789 385 1852 abstulit
408 1789 442 1850 in
466 1809 499 1852 se
524 1789 647 1852 oeulos:
672 1809 709 1851 ea
732 1788 801 1851 viso
825 1808 960 1871 corpore
983 1789 1088 1852 virtus

248 1878 415 1961 promissa.
457 1898 494 1940 ao
515 1877 656 1960 primum
680 1881 766 1940 terra
789 1877 980 1959 discumque
998 1898 1188 1961 manumque
1206 1888 1225 1939 6

249 1971 385 2050 asperat,
409 1987 541 2029 excusso
565 1987 642 2029 mox
665 1966 785 2030 circum
808 1965 941 2048 pulvere
965 1971 1083 2048 versat,

250 2055 338 2139 quod
360 2057 445 2119 latus
469 2057 503 2118 in
527 2054 656 2139 digitos,
680 2054 803 2118 mediae
827 2054 915 2137 quod
937 2056 1057 2120 certius
1080 2057 1172 2120 ulnae

251 2143 429 2227 conveniat,
451 2166 519 2208 non
541 2142 619 2206 artis
644 2165 753 2229 egens:
777 2142 831 2206 hie
854 2165 981 2227 semper
1005 2145 1109 2209 amori

248 2233 344 2297 ludus
368 2236 445 2316 erat,
468 2233 590 2316 patriae
614 2253 680 2295 non
702 2235 829 2296 tantum
852 2231 909 2295 ubi
931 2233 1037 2298 laudis
1062 2233 1164 2299 obiret

250 2345 347 2405 saera,
370 2322 426 2385 sed
449 2321 582 2385 alternis
606 2319 758 2403 Alpheon
780 2325 954 2406 utrumque
977 2321 1104 2388 solebat
1209 2332 1225 2381 6

250 2411 365 2476 metari
387 2411 467 2493 ripis
492 2414 532 2492 et,
557 2432 620 2493 qua
641 2409 801 2475 latissima
825 2410 955 2495 distant,

250 2523 315 2564 non
339 2522 491 2583 umquam
514 2521 619 2563 merso
643 2499 862 2563 transmittere
885 2499 1022 2563 flumina
1045 2500 1142 2565 disee.

251 2611 328 2674 ergo
354 2611 487 2672 operum
511 2588 613 2652 fidens
636 2610 702 2652 non
725 2588 873 2672 protinus
896 2588 1029 2652 horrida
1052 2589 1154 2674 campi

251 2681 371 2764 iugera,
395 2677 450 2742 sed
474 2678 562 2742 eaelo
587 2677 732 2741 dextram
755 2678 897 2761 metitur,
920 2677 1076 2762 humique

323 2822 373 2870 655
393 2816 486 2869 medio
505 2820 637 2868 suerro
721 2822 771 2868 668
790 2816 883 2885 rapite
902 2834 935 2871 ex
954 2816 1013 2871 -ide
1033 2817 1068 2877 0¹
1148 2820 1225 2870 66911

251 2892 362 2958 reptum
391 2892 432 2939 nb
516 2893 567 2940 660
591 2887 734 2941 absistunt
761 2905 794 2942 ee
822 2888 885 2941 ads·
908 2888 948 2955 μ1
1013 2888 1204 2957 atonitiquet

252 2966 302 3014 661
317 2960 390 3012 imus
409 2976 443 3013 ex
461 2958 579 3011 unusb¹
629 2959 768 3028 phlegyas
783 2960 904 3028 ea-gias
919 2959 953 3011 1²1
1017 2952 1216 3072 fflpbrffiilonfi·

1077 3043 1090 3072 θ

306 3089 356 3138 666
376 3083 498 3153 plangea
516 3089 534 3134 6
587 3082 744 3152 refringens
759 3084 891 3150 lothorius
964 3089 1015 3137 667
1035 3084 1164 3154 'l'emptst
1178 3077 1203 3134 δ’

252 3194 354 3250 astae
427 3195 478 3244 668
496 3155 616 3260 ρὴΙοέαε
634 3189 669 3242 1³⁸
723 3167 790 3258 opis
808 3190 848 3242 11¹
922 3195 974 3243 669
994 3180 1225 3246 Abstulissent

251 3280 320 3334 ppos
383 3279 417 3315 ea
435 3261 532 3315 visol’
555 3262 638 3330 (quod
659 3268 728 3315 reete
750 3263 850 3329 recepit
870 3261 1048 3323 Garrodiasl:
1073 3262 1225 3317 exhaustos

252 3351 286 3388 ex
304 3334 364 3388 viso
384 3335 524 3388 Baehrens
577 3333 607 3386 in
626 3348 741 3401 corpore
759 3339 802 3443 1)÷
822 3404 846 3443 ui
868 3337 920 3444 672
939 3333 1015 3401 quod
1034 3352 1074 3388 ωε
1098 3330 1214 3402 quodque

807 3415 821 3443 8
847 3416 870 3443 ΓΘ

307 3464 358 3511 673
385 3456 557 3526 Conveniat}
579 3461 626 3516 BQ
717 3463 769 3511 674
792 3456 922 3511 ubiretr
1013 3464 1064 3512 675
1084 3457 1206 3527 alphaei

252 3534 403 3596 utrumque
421 3535 440 3580 Ρ
460 3529 615 3597 (efi6,13):
639 3529 781 3596 utrimque
800 3546 840 3583 w:
864 3528 1024 3599 utriimque
1043 3533 1063 3582 B
1138 3516 1225 3581 6⁷61

252 3619 307 3672 tari
326 3624 358 3670 P:
384 3617 477 3670 Metiri
497 3635 524 3670 ω
603 3622 652 3669 677
678 3599 886 3685 nonllumquam
905 3621 984 3687 (Μ
1062 3623 1113 3671 678
1130 3612 1225 3669 Rider

237 3690 393 3834 ἇὶξᾳῐὲέ,
417 3693 468 3742 679
489 3687 537 3742 sed
557 3705 597 3740 ωε
618 3687 696 3740 sie?
751 3687 860 3741 eaelum
880 3689 979 3743 dextra
997 3695 1021 3742 77
1075 3687 1225 3754 humique«
