<?xml version="1.0" encoding="UTF-8"?>
<!DOCTYPE html PUBLIC "-//W3C//DTD XHTML 1.0 Transitional//EN"
    "http://www.w3.org/TR/xhtml1/DTD/xhtml1-transitional.dtd">
<html xmlns="http://www.w3.org/1999/xhtml" xml:lang="en" lang="en">
 <head>
  <title>
</title>
<meta http-equiv="Content-Type" content="text/html;charset=utf-8" />
  <meta name='ocr-system' content='tesseract 3.04.00' />
  <meta name='ocr-capabilities' content='ocr_page ocr_carea ocr_par ocr_line ocrx_word'/>
</head>
<body>
  <div class='ocr_page' id='page_1' title='image "./ppapinistatithe00klotgoog_0036.png"; bbox 0 0 2684 4317; ppageno 0'>
   <div class='ocr_carea' id='block_1_1' title="bbox 224 413 923 468">
    <p class='ocr_par' dir='ltr' id='par_1_1' title="bbox 224 413 923 468">
     <span class='ocr_line' id='line_1_1' title="bbox 224 413 923 468; baseline 0 0"><span class='ocrx_word' id='word_1_1' title='bbox 224 413 327 468; x_wconf 82' lang='lat' dir='ltr'><strong>mn</strong></span> <span class='ocrx_word' id='word_1_2' title='bbox 528 413 698 468; x_wconf 79' lang='lat' dir='ltr'>EDITORIS</span> <span class='ocrx_word' id='word_1_3' title='bbox 716 413 923 468; x_wconf 80' lang='lat' dir='ltr'>PRAEFATIO</span> 
     </span>
    </p>
   </div>
   <div class='ocr_carea' id='block_1_2' title="bbox 222 583 1164 928">
    <p class='ocr_par' dir='ltr' id='par_1_2' title="bbox 222 583 1055 733">
     <span class='ocr_line' id='line_1_2' title="bbox 222 583 1055 662; baseline -0.002 -19"><span class='ocrx_word' id='word_1_4' title='bbox 222 583 341 643; x_wconf 88' lang='lat' dir='ltr'><strong>desunt:</strong></span> <span class='ocrx_word' id='word_1_5' title='bbox 375 586 405 658; x_wconf 89' lang='grc'><strong>4,</strong></span> <span class='ocrx_word' id='word_1_6' title='bbox 414 585 557 644; x_wconf 84' lang='grc'>98-378</span> <span class='ocrx_word' id='word_1_7' title='bbox 569 611 603 631; x_wconf 90' lang='lat'><strong>=</strong></span> <span class='ocrx_word' id='word_1_8' title='bbox 616 585 677 643; x_wconf 81' lang='lat'><strong>281</strong></span> <span class='ocrx_word' id='word_1_9' title='bbox 689 602 764 644; x_wconf 86' lang='lat' dir='ltr'><strong>vers.</strong></span> <span class='ocrx_word' id='word_1_10' title='bbox 776 611 809 630; x_wconf 87' lang='lat'><em>=</em></span> <span class='ocrx_word' id='word_1_11' title='bbox 821 586 839 642; x_wconf 87' lang='grc'>8</span> <span class='ocrx_word' id='word_1_12' title='bbox 850 603 918 662; x_wconf 86' lang='lat' dir='ltr'><strong>pag.</strong></span> <span class='ocrx_word' id='word_1_13' title='bbox 929 611 962 630; x_wconf 90' lang='lat'><em>=</em></span> <span class='ocrx_word' id='word_1_14' title='bbox 974 585 994 641; x_wconf 88' lang='grc'>4</span> <span class='ocrx_word' id='word_1_15' title='bbox 1004 585 1055 643; x_wconf 86' lang='lat' dir='ltr'><strong>fol.</strong></span> 
     </span>
     <span class='ocr_line' id='line_1_3' title="bbox 222 676 421 733; baseline 0.005 -2"><span class='ocrx_word' id='word_1_16' title='bbox 222 676 286 732; x_wconf 90' lang='lat' dir='ltr'><strong>tum</strong></span> <span class='ocrx_word' id='word_1_17' title='bbox 305 676 421 733; x_wconf 87' lang='lat' dir='ltr'><strong>extant:</strong></span> 
     </span>
    </p>

    <p class='ocr_par' dir='ltr' id='par_1_3' title="bbox 223 761 1164 928">
     <span class='ocr_line' id='line_1_4' title="bbox 353 761 1164 840; baseline -0.002 -18"><span class='ocrx_word' id='word_1_18' title='bbox 353 765 383 837; x_wconf 88' lang='lat'><strong>4,</strong></span> <span class='ocrx_word' id='word_1_19' title='bbox 395 763 605 822; x_wconf 81' lang='lat'>379-520=</span> <span class='ocrx_word' id='word_1_20' title='bbox 619 765 681 821; x_wconf 81' lang='lat'><strong>142</strong></span> <span class='ocrx_word' id='word_1_21' title='bbox 692 781 768 822; x_wconf 88' lang='lat' dir='ltr'><strong>vers.</strong></span> <span class='ocrx_word' id='word_1_22' title='bbox 779 789 813 808; x_wconf 94' lang='lat'>=</span> <span class='ocrx_word' id='word_1_23' title='bbox 824 765 844 820; x_wconf 92' lang='lat'>4</span> <span class='ocrx_word' id='word_1_24' title='bbox 854 781 922 840; x_wconf 85' lang='lat' dir='ltr'><strong>pag.</strong></span> <span class='ocrx_word' id='word_1_25' title='bbox 933 789 967 807; x_wconf 94' lang='lat'>=</span> <span class='ocrx_word' id='word_1_26' title='bbox 980 764 997 820; x_wconf 79' lang='lat'><strong>2</strong></span> <span class='ocrx_word' id='word_1_27' title='bbox 1009 761 1164 820; x_wconf 84' lang='lat' dir='ltr'>f01.:111.1</span> 
     </span>
     <span class='ocr_line' id='line_1_5' title="bbox 223 851 1062 928; baseline -0.001 -19"><span class='ocrx_word' id='word_1_28' title='bbox 223 851 383 926; x_wconf 78' lang='lat' dir='ltr'><strong>desunt24,</strong></span> <span class='ocrx_word' id='word_1_29' title='bbox 395 853 561 912; x_wconf 80' lang='lat'>521-725</span> <span class='ocrx_word' id='word_1_30' title='bbox 573 879 607 898; x_wconf 92' lang='lat'><em>=</em></span> <span class='ocrx_word' id='word_1_31' title='bbox 619 852 683 910; x_wconf 82' lang='lat'><strong>204</strong></span> <span class='ocrx_word' id='word_1_32' title='bbox 694 870 813 911; x_wconf 85' lang='lat' dir='ltr'><strong>vers=</strong></span> <span class='ocrx_word' id='word_1_33' title='bbox 825 853 843 909; x_wconf 88' lang='grc'><strong>6</strong></span> <span class='ocrx_word' id='word_1_34' title='bbox 855 852 1062 928; x_wconf 83' lang='lat' dir='ltr'><strong>pag.=3fol.</strong></span> 
     </span>
    </p>
   </div>
   <div class='ocr_carea' id='block_1_3' title="bbox 223 940 1162 1106">
    <p class='ocr_par' dir='ltr' id='par_1_4' title="bbox 223 940 1162 1106">
     <span class='ocr_line' id='line_1_6' title="bbox 223 940 487 1016; baseline 0.004 -18"><span class='ocrx_word' id='word_1_35' title='bbox 223 940 351 1016; x_wconf 88' lang='lat' dir='ltr'><strong>denique</strong></span> <span class='ocrx_word' id='word_1_36' title='bbox 370 943 487 1001; x_wconf 84' lang='lat' dir='ltr'><strong>extant:</strong></span> 
     </span>
     <span class='ocr_line' id='line_1_7' title="bbox 353 1029 1162 1106; baseline -0.004 -18"><span class='ocrx_word' id='word_1_37' title='bbox 353 1033 382 1105; x_wconf 89' lang='lat'><strong>4,</strong></span> <span class='ocrx_word' id='word_1_38' title='bbox 395 1031 526 1105; x_wconf 70' lang='lat'>725-5,</span> <span class='ocrx_word' id='word_1_39' title='bbox 542 1033 606 1088; x_wconf 90' lang='lat'><strong>4=</strong></span> <span class='ocrx_word' id='word_1_40' title='bbox 620 1032 683 1089; x_wconf 89' lang='grc'><strong>140</strong></span> <span class='ocrx_word' id='word_1_41' title='bbox 694 1049 769 1089; x_wconf 85' lang='lat' dir='ltr'><strong>vers.</strong></span> <span class='ocrx_word' id='word_1_42' title='bbox 780 1057 814 1076; x_wconf 94' lang='lat'>=</span> <span class='ocrx_word' id='word_1_43' title='bbox 826 1031 845 1088; x_wconf 92' lang='lat'>4</span> <span class='ocrx_word' id='word_1_44' title='bbox 856 1050 924 1106; x_wconf 87' lang='lat' dir='ltr'><strong>pag.</strong></span> <span class='ocrx_word' id='word_1_45' title='bbox 935 1057 969 1074; x_wconf 95' lang='lat'>=</span> <span class='ocrx_word' id='word_1_46' title='bbox 982 1032 999 1086; x_wconf 79' lang='lat'><strong>2</strong></span> <span class='ocrx_word' id='word_1_47' title='bbox 1013 1030 1078 1089; x_wconf 67' lang='lat' dir='ltr'><strong>fola</strong></span> <span class='ocrx_word' id='word_1_48' title='bbox 1097 1029 1134 1087; x_wconf 93' lang='lat' dir='ltr'><strong>V.</strong></span> <span class='ocrx_word' id='word_1_49' title='bbox 1148 1029 1162 1085; x_wconf 81' lang='grc'>1</span> 
     </span>
    </p>
   </div>
   <div class='ocr_carea' id='block_1_4' title="bbox 221 1136 1161 2108">
    <p class='ocr_par' dir='ltr' id='par_1_5' title="bbox 221 1136 1161 2108">
     <span class='ocr_line' id='line_1_8' title="bbox 289 1136 1161 1213; baseline -0.001 -18"><span class='ocrx_word' id='word_1_50' title='bbox 289 1157 379 1213; x_wconf 88' lang='lat' dir='ltr'><strong>quam</strong></span> <span class='ocrx_word' id='word_1_51' title='bbox 397 1140 546 1196; x_wconf 89' lang='lat' dir='ltr'><strong>rationem</strong></span> <span class='ocrx_word' id='word_1_52' title='bbox 564 1138 617 1196; x_wconf 93' lang='lat' dir='ltr'><strong>ubi</strong></span> <span class='ocrx_word' id='word_1_53' title='bbox 630 1136 775 1212; x_wconf 79' lang='lat' dir='ltr'>ducimus,</span> <span class='ocrx_word' id='word_1_54' title='bbox 794 1140 920 1213; x_wconf 88' lang='lat' dir='ltr'><strong>apparet</strong></span> <span class='ocrx_word' id='word_1_55' title='bbox 939 1137 1013 1196; x_wconf 86' lang='lat' dir='ltr'><strong>folia</strong></span> <span class='ocrx_word' id='word_1_56' title='bbox 1028 1138 1070 1194; x_wconf 84' lang='lat' dir='ltr'><strong>sie</strong></span> <span class='ocrx_word' id='word_1_57' title='bbox 1085 1137 1161 1195; x_wconf 79' lang='lat' dir='ltr'><strong>eonii</strong></span> 
     </span>
     <span class='ocr_line' id='line_1_9' title="bbox 221 1226 1161 1302; baseline 0.001 -18"><span class='ocrx_word' id='word_1_58' title='bbox 221 1227 322 1302; x_wconf 85' lang='lat' dir='ltr'><strong>fuisse,</strong></span> <span class='ocrx_word' id='word_1_59' title='bbox 336 1230 371 1284; x_wconf 86' lang='lat' dir='ltr'><strong>ut</strong></span> <span class='ocrx_word' id='word_1_60' title='bbox 384 1227 467 1286; x_wconf 81' lang='lat' dir='ltr'><strong>f01.1.</strong></span> <span class='ocrx_word' id='word_1_61' title='bbox 478 1227 510 1285; x_wconf 93' lang='grc' dir='ltr'>Π</span> <span class='ocrx_word' id='word_1_62' title='bbox 524 1230 621 1286; x_wconf 78' lang='lat' dir='ltr'><strong>essent</strong></span> <span class='ocrx_word' id='word_1_63' title='bbox 632 1227 730 1285; x_wconf 87' lang='lat' dir='ltr'><strong>media</strong></span> <span class='ocrx_word' id='word_1_64' title='bbox 743 1228 947 1302; x_wconf 73' lang='lat' dir='ltr'><strong>quaternionis</strong></span> <span class='ocrx_word' id='word_1_65' title='bbox 959 1226 1086 1285; x_wconf 86' lang='lat' dir='ltr'><strong>alieuius</strong></span> <span class='ocrx_word' id='word_1_66' title='bbox 1099 1226 1161 1285; x_wconf 74' lang='lat' dir='ltr'><strong>soli:</strong></span> 
     </span>
     <span class='ocr_line' id='line_1_10' title="bbox 222 1315 1159 1392; baseline 0 -18"><span class='ocrx_word' id='word_1_67' title='bbox 222 1318 253 1374; x_wconf 93' lang='lat' dir='ltr'><strong>et</strong></span> <span class='ocrx_word' id='word_1_68' title='bbox 264 1315 308 1373; x_wconf 90' lang='lat' dir='ltr'><strong>IV</strong></span> <span class='ocrx_word' id='word_1_69' title='bbox 327 1317 474 1374; x_wconf 84' lang='lat' dir='ltr'><strong>exteriora</strong></span> <span class='ocrx_word' id='word_1_70' title='bbox 492 1318 687 1392; x_wconf 89' lang='lat' dir='ltr'><strong>insequentis,</strong></span> <span class='ocrx_word' id='word_1_71' title='bbox 706 1316 733 1373; x_wconf 93' lang='lat' dir='ltr'><strong>V</strong></span> <span class='ocrx_word' id='word_1_72' title='bbox 753 1319 783 1374; x_wconf 89' lang='lat' dir='ltr'><strong>et</strong></span> <span class='ocrx_word' id='word_1_73' title='bbox 801 1316 846 1374; x_wconf 85' lang='lat' dir='ltr'><strong>VI</strong></span> <span class='ocrx_word' id='word_1_74' title='bbox 864 1315 964 1374; x_wconf 87' lang='lat' dir='ltr'><strong>media</strong></span> <span class='ocrx_word' id='word_1_75' title='bbox 986 1316 1070 1374; x_wconf 88' lang='lat' dir='ltr'><strong>tertii</strong></span> <span class='ocrx_word' id='word_1_76' title='bbox 1089 1317 1159 1374; x_wconf 89' lang='lat' dir='ltr'><strong>oniu</strong></span> 
     </span>
     <span class='ocr_line' id='line_1_11' title="bbox 223 1405 1159 1481; baseline 0.001 -18"><span class='ocrx_word' id='word_1_77' title='bbox 223 1407 436 1480; x_wconf 73' lang='lat' dir='ltr'><strong>quaternionis</strong></span> <span class='ocrx_word' id='word_1_78' title='bbox 461 1423 527 1464; x_wconf 87' lang='lat' dir='ltr'><strong>oum</strong></span> <span class='ocrx_word' id='word_1_79' title='bbox 537 1425 607 1466; x_wconf 83' lang='lat' dir='ltr'><strong>vero</strong></span> <span class='ocrx_word' id='word_1_80' title='bbox 623 1408 694 1464; x_wconf 88' lang='lat' dir='ltr'><strong>anto</strong></span> <span class='ocrx_word' id='word_1_81' title='bbox 709 1405 761 1464; x_wconf 85' lang='lat' dir='ltr'><strong>fol.</strong></span> <span class='ocrx_word' id='word_1_82' title='bbox 771 1405 787 1463; x_wconf 90' lang='grc' dir='ltr'>Ι</span> <span class='ocrx_word' id='word_1_83' title='bbox 799 1406 885 1465; x_wconf 88' lang='grc'><strong>1830</strong></span> <span class='ocrx_word' id='word_1_84' title='bbox 899 1406 961 1463; x_wconf 86' lang='lat' dir='ltr'><strong>fere</strong></span> <span class='ocrx_word' id='word_1_85' title='bbox 975 1423 1078 1464; x_wconf 85' lang='lat' dir='ltr'><strong>versus</strong></span> <span class='ocrx_word' id='word_1_86' title='bbox 1090 1407 1159 1481; x_wconf 82' lang='lat' dir='ltr'><strong>peri</strong></span> 
     </span>
     <span class='ocr_line' id='line_1_12' title="bbox 221 1493 1158 1571; baseline 0.002 -19"><span class='ocrx_word' id='word_1_87' title='bbox 221 1495 268 1554; x_wconf 91' lang='lat' dir='ltr'><strong>his</strong></span> <span class='ocrx_word' id='word_1_88' title='bbox 287 1493 362 1554; x_wconf 90' lang='lat' dir='ltr'><strong>folia</strong></span> <span class='ocrx_word' id='word_1_89' title='bbox 377 1496 489 1571; x_wconf 81' lang='lat' dir='ltr'><strong>viginti</strong></span> <span class='ocrx_word' id='word_1_90' title='bbox 507 1513 557 1554; x_wconf 86' lang='lat' dir='ltr'><strong>sex</strong></span> <span class='ocrx_word' id='word_1_91' title='bbox 572 1495 722 1570; x_wconf 84' lang='lat' dir='ltr'><strong>completa</strong></span> <span class='ocrx_word' id='word_1_92' title='bbox 736 1495 829 1553; x_wconf 89' lang='lat' dir='ltr'><strong>fuisse</strong></span> <span class='ocrx_word' id='word_1_93' title='bbox 843 1495 926 1553; x_wconf 81' lang='lat' dir='ltr'><strong>facili</strong></span> <span class='ocrx_word' id='word_1_94' title='bbox 941 1495 1158 1570; x_wconf 69' lang='lat' dir='ltr'><strong>computatione</strong></span> 
     </span>
     <span class='ocr_line' id='line_1_13' title="bbox 223 1583 1134 1660; baseline 0.001 -19"><span class='ocrx_word' id='word_1_95' title='bbox 223 1585 324 1643; x_wconf 85' lang='lat' dir='ltr'><strong>aimus.</strong></span> <span class='ocrx_word' id='word_1_96' title='bbox 372 1603 407 1643; x_wconf 85' lang='lat' dir='ltr'><strong>ex</strong></span> <span class='ocrx_word' id='word_1_97' title='bbox 431 1584 539 1660; x_wconf 87' lang='lat' dir='ltr'><strong>quibus</strong></span> <span class='ocrx_word' id='word_1_98' title='bbox 563 1604 630 1643; x_wconf 86' lang='lat' dir='ltr'><strong>eum</strong></span> <span class='ocrx_word' id='word_1_99' title='bbox 654 1586 714 1642; x_wconf 83' lang='lat' dir='ltr'><strong>tria</strong></span> <span class='ocrx_word' id='word_1_100' title='bbox 738 1585 776 1642; x_wconf 86' lang='lat' dir='ltr'><strong>ad</strong></span> <span class='ocrx_word' id='word_1_101' title='bbox 800 1604 868 1642; x_wconf 90' lang='lat' dir='ltr'><strong>eum</strong></span> <span class='ocrx_word' id='word_1_102' title='bbox 894 1583 1134 1660; x_wconf 71' lang='lat' dir='ltr'><strong>quaternionem,</strong></span> 
     </span>
     <span class='ocr_line' id='line_1_14' title="bbox 222 1664 1155 1754; baseline 0.001 -23"><span class='ocrx_word' id='word_1_103' title='bbox 222 1672 327 1731; x_wconf 86' lang='lat' dir='ltr'><strong>folium</strong></span> <span class='ocrx_word' id='word_1_104' title='bbox 351 1672 482 1732; x_wconf 83' lang='lat' dir='ltr'><strong>medium</strong></span> <span class='ocrx_word' id='word_1_105' title='bbox 506 1664 544 1754; x_wconf 85' lang='grc' dir='ltr'><strong>(Ι.</strong></span> <span class='ocrx_word' id='word_1_106' title='bbox 562 1665 616 1754; x_wconf 83' lang='lat'>11.)</span> <span class='ocrx_word' id='word_1_107' title='bbox 640 1675 736 1749; x_wconf 85' lang='lat' dir='ltr'><strong>extat,</strong></span> <span class='ocrx_word' id='word_1_108' title='bbox 759 1673 959 1750; x_wconf 88' lang='lat' dir='ltr'><strong>supplendum</strong></span> <span class='ocrx_word' id='word_1_109' title='bbox 988 1675 1155 1732; x_wconf 80' lang='lat' dir='ltr'><strong>necessaria</strong></span> 
     </span>
     <span class='ocr_line' id='line_1_15' title="bbox 221 1762 1156 1840; baseline 0.001 -20"><span class='ocrx_word' id='word_1_110' title='bbox 221 1763 300 1821; x_wconf 89' lang='lat' dir='ltr'><strong>ratio</strong></span> <span class='ocrx_word' id='word_1_111' title='bbox 324 1763 567 1822; x_wconf 83' lang='lat' dir='ltr'><strong>manifestissime</strong></span> <span class='ocrx_word' id='word_1_112' title='bbox 591 1765 731 1840; x_wconf 84' lang='lat' dir='ltr'><strong>apparet:</strong></span> <span class='ocrx_word' id='word_1_113' title='bbox 755 1768 914 1838; x_wconf 89' lang='lat' dir='ltr'><strong>postquam</strong></span> <span class='ocrx_word' id='word_1_114' title='bbox 938 1762 1012 1821; x_wconf 90' lang='lat' dir='ltr'><strong>folio</strong></span> <span class='ocrx_word' id='word_1_115' title='bbox 1036 1763 1156 1840; x_wconf 74' lang='lat' dir='ltr'><strong>primo]</strong></span> 
     </span>
     <span class='ocr_line' id='line_1_16' title="bbox 223 1851 1153 1927; baseline 0.002 -19"><span class='ocrx_word' id='word_1_116' title='bbox 223 1851 427 1927; x_wconf 81' lang='lat' dir='ltr'><strong>quaternionis</strong></span> <span class='ocrx_word' id='word_1_117' title='bbox 447 1853 555 1912; x_wconf 87' lang='lat' dir='ltr'><strong>titulus</strong></span> <span class='ocrx_word' id='word_1_118' title='bbox 575 1855 606 1912; x_wconf 92' lang='lat' dir='ltr'><strong>et</strong></span> <span class='ocrx_word' id='word_1_119' title='bbox 623 1853 689 1912; x_wconf 86' lang='lat' dir='ltr'><strong>vita</strong></span> <span class='ocrx_word' id='word_1_120' title='bbox 709 1851 801 1910; x_wconf 85' lang='lat' dir='ltr'><strong>Statii</strong></span> <span class='ocrx_word' id='word_1_121' title='bbox 820 1853 996 1926; x_wconf 81' lang='lat' dir='ltr'><strong>extitenint,</strong></span> <span class='ocrx_word' id='word_1_122' title='bbox 1021 1870 1056 1909; x_wconf 92' lang='lat' dir='ltr'><strong>ea</strong></span> <span class='ocrx_word' id='word_1_123' title='bbox 1076 1871 1153 1927; x_wconf 90' lang='lat' dir='ltr'><strong>quae</strong></span> 
     </span>
     <span class='ocr_line' id='line_1_17' title="bbox 222 1940 1155 2018; baseline 0.002 -20"><span class='ocrx_word' id='word_1_124' title='bbox 222 1941 273 2000; x_wconf 89' lang='lat' dir='ltr'><strong>fol.</strong></span> <span class='ocrx_word' id='word_1_125' title='bbox 288 1941 305 1999; x_wconf 95' lang='lat' dir='ltr'>I</span> <span class='ocrx_word' id='word_1_126' title='bbox 322 1942 486 2017; x_wconf 89' lang='lat' dir='ltr'><strong>perierunt,</strong></span> <span class='ocrx_word' id='word_1_127' title='bbox 503 1941 601 2001; x_wconf 80' lang='lat' dir='ltr'><strong>tribus</strong></span> <span class='ocrx_word' id='word_1_128' title='bbox 616 1941 861 2018; x_wconf 76' lang='lat' dir='ltr'><strong>quaternionibus</strong></span> <span class='ocrx_word' id='word_1_129' title='bbox 881 1944 911 2000; x_wconf 90' lang='lat' dir='ltr'><strong>et</strong></span> <span class='ocrx_word' id='word_1_130' title='bbox 925 1943 1026 2016; x_wconf 87' lang='lat' dir='ltr'><strong>quarti</strong></span> <span class='ocrx_word' id='word_1_131' title='bbox 1045 1940 1126 2000; x_wconf 84' lang='lat' dir='ltr'><strong>foliis</strong></span> <span class='ocrx_word' id='word_1_132' title='bbox 1145 1943 1155 2000; x_wconf 77' lang='lat'>1</span> 
     </span>
     <span class='ocr_line' id='line_1_18' title="bbox 223 2031 866 2108; baseline 0.005 -21"><span class='ocrx_word' id='word_1_133' title='bbox 223 2033 347 2091; x_wconf 87' lang='lat' dir='ltr'><strong>exarata</strong></span> <span class='ocrx_word' id='word_1_134' title='bbox 366 2033 459 2090; x_wconf 87' lang='lat' dir='ltr'><strong>erant.</strong></span> <span class='ocrx_word' id='word_1_135' title='bbox 497 2035 664 2107; x_wconf 88' lang='lat' dir='ltr'><strong>sequuntur</strong></span> <span class='ocrx_word' id='word_1_136' title='bbox 683 2031 866 2108; x_wconf 82' lang='lat' dir='ltr'><strong>fragmenta:</strong></span> 
     </span>
    </p>
   </div>
   <div class='ocr_carea' id='block_1_5' title="bbox 270 2517 1146 2688">
    <p class='ocr_par' dir='ltr' id='par_1_6' title="bbox 194 2517 1146 2688">
     <span class='ocr_line' id='line_1_19' title="bbox 292 2517 1068 2591; baseline -0.009 6.103"><span class='ocrx_word' id='word_1_137' title='bbox 194 2517 681 2591; x_wconf 50' lang='lat' dir='ltr'><strong>111⁵&#39;³1vm‘&#39;</strong></span> <span class='ocrx_word' id='word_1_138' title='bbox 777 2517 1068 2590; x_wconf 55' lang='lat' dir='ltr'><strong>¹¹1111v⁵²⁵r</strong></span> 
     </span>
     <span class='ocr_line' id='line_1_20' title="bbox 270 2639 1146 2688; baseline -0.011 0"><span class='ocrx_word' id='word_1_139' title='bbox 270 2639 395 2688; x_wconf 68' lang='lat' dir='ltr'><strong>unaarum</strong></span> <span class='ocrx_word' id='word_1_140' title='bbox 409 2641 450 2680; x_wconf 89' lang='lat' dir='ltr'><strong>1v.</strong></span> <span class='ocrx_word' id='word_1_141' title='bbox 656 2639 781 2688; x_wconf 73' lang='lat' dir='ltr'><strong>ouaurnro</strong></span> <span class='ocrx_word' id='word_1_142' title='bbox 795 2639 822 2679; x_wconf 81' lang='lat' dir='ltr'><strong>V-</strong></span> <span class='ocrx_word' id='word_1_143' title='bbox 1020 2639 1146 2688; x_wconf 76' lang='lat' dir='ltr'><strong>Quaternro</strong></span> 
     </span>
    </p>
   </div>
   <div class='ocr_carea' id='block_1_6' title="bbox 221 2745 1149 3540">
    <p class='ocr_par' dir='ltr' id='par_1_7' title="bbox 221 2745 1149 3540">
     <span class='ocr_line' id='line_1_21' title="bbox 222 2745 1149 2821; baseline -0.001 -19"><span class='ocrx_word' id='word_1_144' title='bbox 222 2762 257 2802; x_wconf 84' lang='lat' dir='ltr'><strong>aa</strong></span> <span class='ocrx_word' id='word_1_145' title='bbox 276 2746 341 2803; x_wconf 88' lang='lat' dir='ltr'><strong>sola</strong></span> <span class='ocrx_word' id='word_1_146' title='bbox 360 2746 435 2806; x_wconf 87' lang='lat' dir='ltr'><strong>folia</strong></span> <span class='ocrx_word' id='word_1_147' title='bbox 453 2747 553 2820; x_wconf 89' lang='lat' dir='ltr'><strong>quinti</strong></span> <span class='ocrx_word' id='word_1_148' title='bbox 568 2746 773 2821; x_wconf 85' lang='lat' dir='ltr'><strong>quaternionis</strong></span> <span class='ocrx_word' id='word_1_149' title='bbox 792 2745 871 2802; x_wconf 88' lang='lat' dir='ltr'><strong>inter</strong></span> <span class='ocrx_word' id='word_1_150' title='bbox 890 2762 920 2803; x_wconf 90' lang='lat' dir='ltr'><strong>se</strong></span> <span class='ocrx_word' id='word_1_151' title='bbox 940 2745 1107 2803; x_wconf 81' lang='lat' dir='ltr'><strong>cohaesisse</strong></span> <span class='ocrx_word' id='word_1_152' title='bbox 1126 2763 1149 2802; x_wconf 70' lang='lat' dir='ltr'><strong>e«</strong></span> 
     </span>
     <span class='ocr_line' id='line_1_22' title="bbox 221 2833 1148 2910; baseline 0 -18"><span class='ocrx_word' id='word_1_153' title='bbox 221 2834 301 2892; x_wconf 79' lang='lat' dir='ltr'><strong>nitur</strong></span> <span class='ocrx_word' id='word_1_154' title='bbox 319 2834 399 2910; x_wconf 90' lang='lat' dir='ltr'><strong>quod</strong></span> <span class='ocrx_word' id='word_1_155' title='bbox 412 2834 579 2909; x_wconf 86' lang='lat' dir='ltr'><strong>Deyeksius</strong></span> <span class='ocrx_word' id='word_1_156' title='bbox 598 2833 715 2892; x_wconf 86' lang='lat' dir='ltr'><strong>duobus</strong></span> <span class='ocrx_word' id='word_1_157' title='bbox 730 2835 848 2891; x_wconf 89' lang='lat' dir='ltr'><strong>tantum</strong></span> <span class='ocrx_word' id='word_1_158' title='bbox 863 2833 994 2892; x_wconf 91' lang='lat' dir='ltr'><strong>numeris</strong></span> <span class='ocrx_word' id='word_1_159' title='bbox 1008 2833 1060 2892; x_wconf 90' lang='lat' dir='ltr'><strong>IV.</strong></span> <span class='ocrx_word' id='word_1_160' title='bbox 1075 2833 1123 2892; x_wconf 91' lang='lat' dir='ltr'><strong>III</strong></span> <span class='ocrx_word' id='word_1_161' title='bbox 1142 2855 1148 2892; x_wconf 72' lang='lat' dir='ltr'><strong>r</strong></span> 
     </span>
     <span class='ocr_line' id='line_1_23' title="bbox 222 2922 1148 3002; baseline 0.001 -21"><span class='ocrx_word' id='word_1_162' title='bbox 222 2922 264 2981; x_wconf 92' lang='lat' dir='ltr'><strong>IV</strong></span> <span class='ocrx_word' id='word_1_163' title='bbox 284 2941 320 2983; x_wconf 92' lang='lat' dir='ltr'><strong>ea</strong></span> <span class='ocrx_word' id='word_1_164' title='bbox 342 2923 536 3002; x_wconf 84' lang='lat' dir='ltr'><strong>significavit,</strong></span> <span class='ocrx_word' id='word_1_165' title='bbox 561 2924 613 2983; x_wconf 90' lang='lat' dir='ltr'><strong>sed</strong></span> <span class='ocrx_word' id='word_1_166' title='bbox 631 2923 646 2981; x_wconf 96' lang='lat' dir='ltr'>I</span> <span class='ocrx_word' id='word_1_167' title='bbox 666 2942 683 2980; x_wconf 86' lang='lat' dir='ltr'><strong>a</strong></span> <span class='ocrx_word' id='word_1_168' title='bbox 701 2922 733 2980; x_wconf 90' lang='lat' dir='ltr'><strong>H</strong></span> <span class='ocrx_word' id='word_1_169' title='bbox 756 2941 810 2981; x_wconf 89' lang='grc'><strong>000</strong></span> <span class='ocrx_word' id='word_1_170' title='bbox 833 2925 931 2981; x_wconf 92' lang='lat' dir='ltr'><strong>minus</strong></span> <span class='ocrx_word' id='word_1_171' title='bbox 951 2923 978 2980; x_wconf 90' lang='lat' dir='ltr'><strong>V</strong></span> <span class='ocrx_word' id='word_1_172' title='bbox 998 2943 1015 2981; x_wconf 91' lang='lat' dir='ltr'><strong>a</strong></span> <span class='ocrx_word' id='word_1_173' title='bbox 1034 2922 1079 2980; x_wconf 89' lang='lat' dir='ltr'><strong>VI</strong></span> <span class='ocrx_word' id='word_1_174' title='bbox 1102 2943 1148 3000; x_wconf 71' lang='lat' dir='ltr'><strong>seq</strong></span> 
     </span>
     <span class='ocr_line' id='line_1_24' title="bbox 222 3011 1147 3089; baseline 0.002 -19"><span class='ocrx_word' id='word_1_175' title='bbox 222 3016 307 3072; x_wconf 89' lang='lat' dir='ltr'><strong>erant</strong></span> <span class='ocrx_word' id='word_1_176' title='bbox 327 3013 407 3089; x_wconf 82' lang='lat' dir='ltr'><strong>apud</strong></span> <span class='ocrx_word' id='word_1_177' title='bbox 426 3032 502 3071; x_wconf 87' lang='lat' dir='ltr'><strong>eum.</strong></span> <span class='ocrx_word' id='word_1_178' title='bbox 540 3011 575 3071; x_wconf 88' lang='lat' dir='ltr'><strong>de</strong></span> <span class='ocrx_word' id='word_1_179' title='bbox 595 3014 708 3089; x_wconf 81' lang='lat' dir='ltr'><strong>origine</strong></span> <span class='ocrx_word' id='word_1_180' title='bbox 732 3012 968 3089; x_wconf 84' lang='lat' dir='ltr'><strong>fragmentorum</strong></span> <span class='ocrx_word' id='word_1_181' title='bbox 987 3014 1060 3071; x_wconf 82' lang='lat' dir='ltr'><strong>certi</strong></span> <span class='ocrx_word' id='word_1_182' title='bbox 1080 3015 1147 3088; x_wconf 83' lang='lat' dir='ltr'><strong>quic</strong></span> 
     </span>
     <span class='ocr_line' id='line_1_25' title="bbox 222 3102 1147 3178; baseline 0.003 -20"><span class='ocrx_word' id='word_1_183' title='bbox 222 3121 300 3161; x_wconf 85' lang='lat' dir='ltr'><strong>nuno</strong></span> <span class='ocrx_word' id='word_1_184' title='bbox 315 3103 437 3178; x_wconf 90' lang='lat' dir='ltr'><strong>quidem</strong></span> <span class='ocrx_word' id='word_1_185' title='bbox 452 3104 570 3177; x_wconf 89' lang='lat' dir='ltr'><strong>assequi</strong></span> <span class='ocrx_word' id='word_1_186' title='bbox 584 3122 644 3161; x_wconf 90' lang='lat' dir='ltr'><strong>non</strong></span> <span class='ocrx_word' id='word_1_187' title='bbox 657 3107 825 3176; x_wconf 83' lang='lat' dir='ltr'><strong>possumus,</strong></span> <span class='ocrx_word' id='word_1_188' title='bbox 845 3103 1016 3160; x_wconf 79' lang='lat' dir='ltr'><strong>coniectura</strong></span> <span class='ocrx_word' id='word_1_189' title='bbox 1035 3122 1101 3159; x_wconf 88' lang='lat' dir='ltr'><strong>eam</strong></span> <span class='ocrx_word' id='word_1_190' title='bbox 1120 3102 1147 3161; x_wconf 72' lang='lat' dir='ltr'><strong>dr</strong></span> 
     </span>
     <span class='ocr_line' id='line_1_26' title="bbox 222 3190 1146 3268; baseline 0.002 -20"><span class='ocrx_word' id='word_1_191' title='bbox 222 3192 302 3249; x_wconf 84' lang='lat' dir='ltr'><strong>infra</strong></span> <span class='ocrx_word' id='word_1_192' title='bbox 316 3192 498 3251; x_wconf 80' lang='lat' dir='ltr'><strong>conabimur.</strong></span> <span class='ocrx_word' id='word_1_193' title='bbox 518 3191 569 3251; x_wconf 89' lang='lat' dir='ltr'><strong>sed</strong></span> <span class='ocrx_word' id='word_1_194' title='bbox 584 3191 771 3266; x_wconf 86' lang='lat' dir='ltr'><strong>quibusoam</strong></span> <span class='ocrx_word' id='word_1_195' title='bbox 785 3190 935 3249; x_wconf 83' lang='lat' dir='ltr'><strong>codicibus</strong></span> <span class='ocrx_word' id='word_1_196' title='bbox 950 3190 1026 3249; x_wconf 90' lang='lat' dir='ltr'><strong>liber</strong></span> <span class='ocrx_word' id='word_1_197' title='bbox 1035 3190 1087 3250; x_wconf 91' lang='lat' dir='ltr'><strong>ille</strong></span> <span class='ocrx_word' id='word_1_198' title='bbox 1097 3191 1146 3268; x_wconf 66' lang='lat' dir='ltr'><strong>Dej</strong></span> 
     </span>
     <span class='ocr_line' id='line_1_27' title="bbox 221 3279 1146 3354; baseline 0 -15"><span class='ocrx_word' id='word_1_199' title='bbox 221 3299 296 3339; x_wconf 90' lang='lat' dir='ltr'><strong>anus</strong></span> <span class='ocrx_word' id='word_1_200' title='bbox 310 3283 485 3340; x_wconf 77' lang='lat' dir='ltr'><strong>coniunctus</strong></span> <span class='ocrx_word' id='word_1_201' title='bbox 499 3281 591 3339; x_wconf 87' lang='lat' dir='ltr'><strong>fuerit</strong></span> <span class='ocrx_word' id='word_1_202' title='bbox 604 3280 801 3339; x_wconf 87' lang='lat' dir='ltr'><strong>similitudine</strong></span> <span class='ocrx_word' id='word_1_203' title='bbox 816 3281 954 3354; x_wconf 87' lang='lat' dir='ltr'><strong>quadam,</strong></span> <span class='ocrx_word' id='word_1_204' title='bbox 969 3280 1041 3338; x_wconf 89' lang='lat' dir='ltr'><strong>lieet</strong></span> <span class='ocrx_word' id='word_1_205' title='bbox 1055 3279 1146 3339; x_wconf 87' lang='lat' dir='ltr'><strong>adum</strong></span> 
     </span>
     <span class='ocr_line' id='line_1_28' title="bbox 221 3368 1145 3447; baseline 0.002 -21"><span class='ocrx_word' id='word_1_206' title='bbox 221 3389 291 3427; x_wconf 90' lang='lat' dir='ltr'><strong>nam</strong></span> <span class='ocrx_word' id='word_1_207' title='bbox 319 3371 436 3429; x_wconf 89' lang='lat' dir='ltr'><strong>omissis</strong></span> <span class='ocrx_word' id='word_1_208' title='bbox 464 3369 506 3429; x_wconf 87' lang='lat' dir='ltr'><strong>eis</strong></span> <span class='ocrx_word' id='word_1_209' title='bbox 530 3368 708 3429; x_wconf 86' lang='lat' dir='ltr'><strong>lectionibus</strong></span> <span class='ocrx_word' id='word_1_210' title='bbox 737 3387 813 3445; x_wconf 87' lang='lat' dir='ltr'><strong>quae</strong></span> <span class='ocrx_word' id='word_1_211' title='bbox 836 3370 1073 3447; x_wconf 84' lang='lat' dir='ltr'><strong>fragmentorum</strong></span> <span class='ocrx_word' id='word_1_212' title='bbox 1101 3389 1145 3446; x_wconf 69' lang='lat' dir='ltr'><strong>prr</strong></span> 
     </span>
     <span class='ocr_line' id='line_1_29' title="bbox 221 3451 757 3540; baseline -0.002 -23"><span class='ocrx_word' id='word_1_213' title='bbox 221 3451 334 3540; x_wconf 80' lang='lat' dir='ltr'><strong>sunt²),</strong></span> <span class='ocrx_word' id='word_1_214' title='bbox 352 3459 398 3518; x_wconf 91' lang='lat' dir='ltr'><strong>his</strong></span> <span class='ocrx_word' id='word_1_215' title='bbox 418 3461 557 3536; x_wconf 82' lang='lat' dir='ltr'><strong>cognatio</strong></span> <span class='ocrx_word' id='word_1_216' title='bbox 577 3457 757 3518; x_wconf 85' lang='lat' dir='ltr'><strong>ostenditur:</strong></span> 
     </span>
    </p>
   </div>
   <div class='ocr_carea' id='block_1_7' title="bbox 202 3663 1144 3883">
    <p class='ocr_par' dir='ltr' id='par_1_8' title="bbox 202 3663 1144 3883">
     <span class='ocr_line' id='line_1_30' title="bbox 292 3663 1144 3734; baseline 0.002 -16"><span class='ocrx_word' id='word_1_217' title='bbox 292 3668 320 3734; x_wconf 88' lang='lat'><strong>1)</strong></span> <span class='ocrx_word' id='word_1_218' title='bbox 338 3664 471 3719; x_wconf 87' lang='lat' dir='ltr'><strong>foliorum</strong></span> <span class='ocrx_word' id='word_1_219' title='bbox 484 3665 523 3718; x_wconf 83' lang='lat'><strong>111</strong></span> <span class='ocrx_word' id='word_1_220' title='bbox 537 3667 566 3718; x_wconf 89' lang='lat' dir='ltr'><strong>et</strong></span> <span class='ocrx_word' id='word_1_221' title='bbox 579 3665 618 3719; x_wconf 89' lang='lat' dir='ltr'><strong>IV</strong></span> <span class='ocrx_word' id='word_1_222' title='bbox 632 3663 730 3717; x_wconf 87' lang='lat' dir='ltr'><strong>infima</strong></span> <span class='ocrx_word' id='word_1_223' title='bbox 743 3665 825 3731; x_wconf 85' lang='lat' dir='ltr'><strong>parte</strong></span> <span class='ocrx_word' id='word_1_224' title='bbox 844 3665 953 3718; x_wconf 82' lang='lat' dir='ltr'><strong>resecta</strong></span> <span class='ocrx_word' id='word_1_225' title='bbox 971 3665 1082 3733; x_wconf 85' lang='lat' dir='ltr'><strong>septeni</strong></span> <span class='ocrx_word' id='word_1_226' title='bbox 1099 3682 1144 3720; x_wconf 80' lang='lat' dir='ltr'><strong>vei</strong></span> 
     </span>
     <span class='ocr_line' id='line_1_31' title="bbox 202 3734 730 3808; baseline 0.008 -21"><span class='ocrx_word' id='word_1_227' title='bbox 202 3734 263 3784; x_wconf 66' lang='lat' dir='ltr'><strong>fine</strong></span> <span class='ocrx_word' id='word_1_228' title='bbox 277 3736 411 3804; x_wconf 79' lang='lat' dir='ltr'><strong>paginae</strong></span> <span class='ocrx_word' id='word_1_229' title='bbox 430 3736 557 3792; x_wconf 80' lang='lat' dir='ltr'><strong>ouiusris</strong></span> <span class='ocrx_word' id='word_1_230' title='bbox 575 3735 730 3808; x_wconf 85' lang='lat' dir='ltr'><strong>perierunt.</strong></span> 
     </span>
     <span class='ocr_line' id='line_1_32' title="bbox 266 3807 1143 3883; baseline -0.009 -13"><span class='ocrx_word' id='word_1_231' title='bbox 266 3810 296 3870; x_wconf 57' lang='grc' dir='ltr'><strong>Β)</strong></span> <span class='ocrx_word' id='word_1_232' title='bbox 316 3807 356 3862; x_wconf 77' lang='lat' dir='ltr'><strong>cf.</strong></span> <span class='ocrx_word' id='word_1_233' title='bbox 372 3811 556 3876; x_wconf 80' lang='lat' dir='ltr'><strong>praesertim</strong></span> <span class='ocrx_word' id='word_1_234' title='bbox 576 3818 605 3883; x_wconf 86' lang='lat'><strong>3,</strong></span> <span class='ocrx_word' id='word_1_235' title='bbox 615 3815 681 3866; x_wconf 75' lang='lat'><strong>428.</strong></span> <span class='ocrx_word' id='word_1_236' title='bbox 702 3815 729 3880; x_wconf 86' lang='lat'><strong>4,</strong></span> <span class='ocrx_word' id='word_1_237' title='bbox 738 3813 784 3864; x_wconf 74' lang='grc'><strong>30.</strong></span> <span class='ocrx_word' id='word_1_238' title='bbox 794 3812 1143 3863; x_wconf 61' lang='grc'>400100100000000.</span> 
     </span>
    </p>
   </div>
   <div class='ocr_carea' id='block_1_8' title="bbox 0 0 1346 4317">
    <p class='ocr_par' dir='ltr' id='par_1_9' title="bbox 0 0 1346 4317">
     <span class='ocr_line' id='line_1_33' title="bbox 0 0 1346 4317; baseline 0 1"><span class='ocrx_word' id='word_1_239' title='bbox 0 0 1346 4317; x_wconf 95' lang='lat' dir='ltr'><strong> </strong></span> 
     </span>
    </p>
   </div>
  </div>
 </body>
</html>
