<?xml version="1.0" encoding="UTF-8"?>
<!DOCTYPE html PUBLIC "-//W3C//DTD XHTML 1.0 Transitional//EN"
    "http://www.w3.org/TR/xhtml1/DTD/xhtml1-transitional.dtd">
<html xmlns="http://www.w3.org/1999/xhtml" xml:lang="en" lang="en">
 <head>
  <title>
</title>
<meta http-equiv="Content-Type" content="text/html;charset=utf-8" />
  <meta name='ocr-system' content='tesseract 3.04.00' />
  <meta name='ocr-capabilities' content='ocr_page ocr_carea ocr_par ocr_line ocrx_word'/>
</head>
<body>
  <div class='ocr_page' id='page_1' title='image "./ppapinistatithe00klotgoog_0394.png"; bbox 0 0 2684 4317; ppageno 0'>
   <div class='ocr_carea' id='block_1_1' title="bbox 197 425 861 493">
    <p class='ocr_par' dir='ltr' id='par_1_1' title="bbox 197 425 861 493">
     <span class='ocr_line' id='line_1_1' title="bbox 197 425 861 493; baseline -0.002 -11"><span class='ocrx_word' id='word_1_1' title='bbox 197 428 267 493; x_wconf 77' lang='lat'>312</span> <span class='ocrx_word' id='word_1_2' title='bbox 561 427 590 483; x_wconf 84' lang='grc' dir='ltr'>Ρ.</span> <span class='ocrx_word' id='word_1_3' title='bbox 610 425 735 483; x_wconf 80' lang='lat' dir='ltr'>PAPINI</span> <span class='ocrx_word' id='word_1_4' title='bbox 753 425 861 481; x_wconf 83' lang='lat' dir='ltr'>STATI</span> 
     </span>
    </p>
   </div>
   <div class='ocr_carea' id='block_1_2' title="bbox 201 590 1018 2901">
    <p class='ocr_par' dir='ltr' id='par_1_2' title="bbox 201 590 1018 2901">
     <span class='ocr_line' id='line_1_2' title="bbox 203 590 1016 675; baseline -0.005 -19"><span class='ocrx_word' id='word_1_5' title='bbox 203 593 287 656; x_wconf 84' lang='lat' dir='ltr'>imus</span> <span class='ocrx_word' id='word_1_6' title='bbox 311 591 346 654; x_wconf 94' lang='lat' dir='ltr'>in</span> <span class='ocrx_word' id='word_1_7' title='bbox 368 612 457 655; x_wconf 82' lang='lat' dir='ltr'>arma</span> <span class='ocrx_word' id='word_1_8' title='bbox 479 592 585 675; x_wconf 83' lang='lat' dir='ltr'>palam</span> <span class='ocrx_word' id='word_1_9' title='bbox 608 590 802 673; x_wconf 79' lang='lat' dir='ltr'>tandemque</span> <span class='ocrx_word' id='word_1_10' title='bbox 826 591 1016 655; x_wconf 78' lang='lat' dir='ltr'>ostendimus</span> 
     </span>
     <span class='ocr_line' id='line_1_3' title="bbox 202 677 1018 762; baseline -0.005 -17"><span class='ocrx_word' id='word_1_11' title='bbox 202 703 244 745; x_wconf 84' lang='lat' dir='ltr'>an</span> <span class='ocrx_word' id='word_1_12' title='bbox 266 684 395 745; x_wconf 88' lang='lat' dir='ltr'>noctem</span> <span class='ocrx_word' id='word_1_13' title='bbox 419 683 451 743; x_wconf 88' lang='lat' dir='ltr'>et</span> <span class='ocrx_word' id='word_1_14' title='bbox 475 679 587 744; x_wconf 82' lang='lat' dir='ltr'>solitae</span> <span class='ocrx_word' id='word_1_15' title='bbox 610 679 717 762; x_wconf 87' lang='lat' dir='ltr'>placet</span> <span class='ocrx_word' id='word_1_16' title='bbox 740 683 927 762; x_wconf 81' lang='lat' dir='ltr'>exspectare</span> <span class='ocrx_word' id='word_1_17' title='bbox 949 677 1018 743; x_wconf 83' lang='lat' dir='ltr'>tene&#39;</span> 
     </span>
     <span class='ocr_line' id='line_1_4' title="bbox 202 767 1016 852; baseline -0.005 -19"><span class='ocrx_word' id='word_1_18' title='bbox 202 769 258 834; x_wconf 87' lang='lat' dir='ltr'>ille</span> <span class='ocrx_word' id='word_1_19' title='bbox 281 768 364 833; x_wconf 89' lang='lat' dir='ltr'>nihil</span> <span class='ocrx_word' id='word_1_20' title='bbox 388 772 510 852; x_wconf 82' lang='lat' dir='ltr'>contra,</span> <span class='ocrx_word' id='word_1_21' title='bbox 534 769 590 832; x_wconf 86' lang='lat' dir='ltr'>sed</span> <span class='ocrx_word' id='word_1_22' title='bbox 613 767 751 832; x_wconf 82' lang='lat' dir='ltr'>stridula</span> <span class='ocrx_word' id='word_1_23' title='bbox 774 789 893 833; x_wconf 86' lang='lat' dir='ltr'>cornus</span> <span class='ocrx_word' id='word_1_24' title='bbox 916 769 949 832; x_wconf 92' lang='lat' dir='ltr'>in</span> <span class='ocrx_word' id='word_1_25' title='bbox 971 768 1016 831; x_wconf 79' lang='lat' dir='ltr'>hor</span> 
     </span>
     <span class='ocr_line' id='line_1_5' title="bbox 202 856 1016 941; baseline -0.002 -19"><span class='ocrx_word' id='word_1_26' title='bbox 202 860 229 923; x_wconf 92' lang='lat' dir='ltr'>it</span> <span class='ocrx_word' id='word_1_27' title='bbox 251 860 392 924; x_wconf 84' lang='lat' dir='ltr'>referens</span> <span class='ocrx_word' id='word_1_28' title='bbox 415 857 566 922; x_wconf 83' lang='lat' dir='ltr'>mandato</span> <span class='ocrx_word' id='word_1_29' title='bbox 588 857 689 941; x_wconf 82' lang='lat' dir='ltr'>ducis,</span> <span class='ocrx_word' id='word_1_30' title='bbox 711 879 809 940; x_wconf 88' lang='lat' dir='ltr'>quam</span> <span class='ocrx_word' id='word_1_31' title='bbox 832 857 985 941; x_wconf 81' lang='lat' dir='ltr'>providus</span> <span class='ocrx_word' id='word_1_32' title='bbox 1004 856 1016 920; x_wconf 92' lang='lat' dir='ltr'>l</span> 
     </span>
     <span class='ocr_line' id='line_1_6' title="bbox 202 945 1012 1031; baseline -0.005 -19"><span class='ocrx_word' id='word_1_33' title='bbox 202 948 334 1012; x_wconf 87' lang='lat' dir='ltr'>iamiam</span> <span class='ocrx_word' id='word_1_34' title='bbox 357 948 392 1011; x_wconf 89' lang='lat' dir='ltr'>in</span> <span class='ocrx_word' id='word_1_35' title='bbox 414 947 478 1010; x_wconf 81' lang='lat' dir='ltr'>fine</span> <span class='ocrx_word' id='word_1_36' title='bbox 501 946 571 1010; x_wconf 83' lang='lat' dir='ltr'>viae</span> <span class='ocrx_word' id='word_1_37' title='bbox 594 968 782 1029; x_wconf 82' lang='lat' dir='ltr'><strong>percussam</strong></span> <span class='ocrx_word' id='word_1_38' title='bbox 806 945 963 1031; x_wconf 74' lang='lat' dir='ltr'><strong>obliquat,</strong></span> <span class='ocrx_word' id='word_1_39' title='bbox 985 949 1012 1009; x_wconf 89' lang='lat' dir='ltr'>et</span> 
     </span>
     <span class='ocr_line' id='line_1_7' title="bbox 202 1035 1013 1137; baseline 0 -37"><span class='ocrx_word' id='word_1_40' title='bbox 202 1037 304 1110; x_wconf 86' lang='lat' dir='ltr'>telum</span> <span class='ocrx_word' id='word_1_41' title='bbox 327 1037 441 1137; x_wconf 77' lang='lat' dir='ltr'>ingens</span> <span class='ocrx_word' id='word_1_42' title='bbox 464 1035 556 1102; x_wconf 82' lang='lat' dir='ltr'>avide</span> <span class='ocrx_word' id='word_1_43' title='bbox 580 1041 612 1099; x_wconf 90' lang='lat' dir='ltr'>et</span> <span class='ocrx_word' id='word_1_44' title='bbox 636 1039 758 1136; x_wconf 83' lang='lat' dir='ltr'>quanto</span> <span class='ocrx_word' id='word_1_45' title='bbox 781 1057 848 1099; x_wconf 89' lang='lat' dir='ltr'>non</span> <span class='ocrx_word' id='word_1_46' title='bbox 872 1041 946 1100; x_wconf 85' lang='lat' dir='ltr'>ante</span> <span class='ocrx_word' id='word_1_47' title='bbox 968 1035 1013 1099; x_wconf 84' lang='lat' dir='ltr'>lac</span> 
     </span>
     <span class='ocr_line' id='line_1_8' title="bbox 201 1124 1012 1297; baseline -0.004 -18"><span class='ocrx_word' id='word_1_48' title='bbox 201 1125 335 1280; x_wconf 44' lang='lat' dir='ltr'>liiii}</span> <span class='ocrx_word' id='word_1_49' title='bbox 358 1125 554 1279; x_wconf 54' lang='lat' dir='ltr'>liiivgilgie</span> <span class='ocrx_word' id='word_1_50' title='bbox 567 1124 1012 1297; x_wconf 52' lang='lat' dir='ltr'>{lilospirllriiliiugufealiinti</span> 
     </span>
     <span class='ocr_line' id='line_1_9' title="bbox 203 1301 888 1387; baseline -0.001 -19"><span class='ocrx_word' id='word_1_51' title='bbox 203 1303 330 1368; x_wconf 85' lang='lat' dir='ltr'>Sidonii</span> <span class='ocrx_word' id='word_1_52' title='bbox 354 1303 495 1386; x_wconf 79' lang='lat' dir='ltr'>Graique</span> <span class='ocrx_word' id='word_1_53' title='bbox 518 1303 582 1384; x_wconf 82' lang='lat' dir='ltr'>dei3</span> <span class='ocrx_word' id='word_1_54' title='bbox 607 1301 745 1367; x_wconf 80' lang='lat' dir='ltr'>crudelis</span> <span class='ocrx_word' id='word_1_55' title='bbox 768 1301 888 1387; x_wconf 79' lang='lat' dir='ltr'>Erinys</span> 
     </span>
     <span class='ocr_line' id='line_1_10' title="bbox 203 1391 965 1457; baseline 0 -1"><span class='ocrx_word' id='word_1_56' title='bbox 203 1393 313 1457; x_wconf 86' lang='lat' dir='ltr'>obstat</span> <span class='ocrx_word' id='word_1_57' title='bbox 337 1398 368 1457; x_wconf 89' lang='lat' dir='ltr'>et</span> <span class='ocrx_word' id='word_1_58' title='bbox 390 1393 523 1457; x_wconf 84' lang='lat' dir='ltr'>infando</span> <span class='ocrx_word' id='word_1_59' title='bbox 548 1391 655 1456; x_wconf 87' lang='lat' dir='ltr'>differt</span> <span class='ocrx_word' id='word_1_60' title='bbox 678 1391 831 1456; x_wconf 72' lang='lat' dir='ltr'>Eteoclea</span> <span class='ocrx_word' id='word_1_61' title='bbox 854 1392 965 1456; x_wconf 85' lang='lat' dir='ltr'>fratri:</span> 
     </span>
     <span class='ocr_line' id='line_1_11' title="bbox 203 1479 1008 1567; baseline -0.007 -19"><span class='ocrx_word' id='word_1_62' title='bbox 203 1483 312 1565; x_wconf 85' lang='lat' dir='ltr'>cuspis</span> <span class='ocrx_word' id='word_1_63' title='bbox 336 1482 368 1546; x_wconf 92' lang='lat' dir='ltr'>in</span> <span class='ocrx_word' id='word_1_64' title='bbox 393 1483 588 1567; x_wconf 88' lang='lat' dir='ltr'>armigerum</span> <span class='ocrx_word' id='word_1_65' title='bbox 610 1479 778 1566; x_wconf 80' lang='lat' dir='ltr'>Phlegyan</span> <span class='ocrx_word' id='word_1_66' title='bbox 801 1481 956 1564; x_wconf 80' lang='lat' dir='ltr'>peccarit.</span> <span class='ocrx_word' id='word_1_67' title='bbox 999 1479 1008 1542; x_wconf 94' lang='lat' dir='ltr'>i</span> 
     </span>
     <span class='ocr_line' id='line_1_12' title="bbox 201 1570 1007 1655; baseline -0.004 -20"><span class='ocrx_word' id='word_1_68' title='bbox 201 1593 313 1655; x_wconf 83' lang='lat' dir='ltr'>pugna</span> <span class='ocrx_word' id='word_1_69' title='bbox 335 1571 450 1654; x_wconf 80' lang='lat' dir='ltr'>virum,</span> <span class='ocrx_word' id='word_1_70' title='bbox 473 1570 587 1635; x_wconf 87' lang='lat' dir='ltr'>stricto</span> <span class='ocrx_word' id='word_1_71' title='bbox 610 1592 685 1634; x_wconf 87' lang='lat' dir='ltr'>nam</span> <span class='ocrx_word' id='word_1_72' title='bbox 709 1570 835 1634; x_wconf 85' lang='lat' dir='ltr'>saevior</span> <span class='ocrx_word' id='word_1_73' title='bbox 858 1570 960 1634; x_wconf 86' lang='lat' dir='ltr'>inruit</span> <span class='ocrx_word' id='word_1_74' title='bbox 982 1591 1007 1634; x_wconf 85' lang='lat' dir='ltr'>er</span> 
     </span>
     <span class='ocr_line' id='line_1_13' title="bbox 202 1658 1006 1744; baseline 0 -21"><span class='ocrx_word' id='word_1_75' title='bbox 202 1658 351 1742; x_wconf 67' lang='lat' dir='ltr'>Aetolus²</span> <span class='ocrx_word' id='word_1_76' title='bbox 374 1663 526 1743; x_wconf 89' lang='lat' dir='ltr'>retroque</span> <span class='ocrx_word' id='word_1_77' title='bbox 550 1659 661 1723; x_wconf 87' lang='lat' dir='ltr'>datum</span> <span class='ocrx_word' id='word_1_78' title='bbox 686 1658 840 1723; x_wconf 85' lang='lat' dir='ltr'>Thebana</span> <span class='ocrx_word' id='word_1_79' title='bbox 861 1659 1006 1744; x_wconf 81' lang='lat' dir='ltr'>tegebant</span> 
     </span>
     <span class='ocr_line' id='line_1_14' title="bbox 202 1747 995 1831; baseline -0.001 -18"><span class='ocrx_word' id='word_1_80' title='bbox 202 1771 293 1813; x_wconf 87' lang='lat' dir='ltr'>arma</span> <span class='ocrx_word' id='word_1_81' title='bbox 317 1749 439 1814; x_wconf 85' lang='lat' dir='ltr'>ducem.</span> <span class='ocrx_word' id='word_1_82' title='bbox 486 1750 533 1812; x_wconf 84' lang='lat' dir='ltr'>sic</span> <span class='ocrx_word' id='word_1_83' title='bbox 556 1748 654 1812; x_wconf 86' lang='lat' dir='ltr'>densa</span> <span class='ocrx_word' id='word_1_84' title='bbox 677 1747 790 1831; x_wconf 89' lang='lat' dir='ltr'>lupum</span> <span class='ocrx_word' id='word_1_85' title='bbox 813 1748 879 1813; x_wconf 87' lang='lat' dir='ltr'>iam</span> <span class='ocrx_word' id='word_1_86' title='bbox 901 1752 995 1814; x_wconf 86' lang='lat' dir='ltr'>noete</span> 
     </span>
     <span class='ocr_line' id='line_1_15' title="bbox 202 1837 1004 1922; baseline 0 -21"><span class='ocrx_word' id='word_1_87' title='bbox 202 1841 291 1904; x_wconf 89' lang='lat' dir='ltr'>arcet</span> <span class='ocrx_word' id='word_1_88' title='bbox 315 1838 355 1902; x_wconf 90' lang='lat' dir='ltr'>ab</span> <span class='ocrx_word' id='word_1_89' title='bbox 379 1838 537 1922; x_wconf 88' lang='lat' dir='ltr'>adprenso</span> <span class='ocrx_word' id='word_1_90' title='bbox 560 1842 729 1921; x_wconf 81' lang='lat' dir='ltr'>pastorum</span> <span class='ocrx_word' id='word_1_91' title='bbox 753 1837 849 1901; x_wconf 87' lang='lat' dir='ltr'>turba</span> <span class='ocrx_word' id='word_1_92' title='bbox 871 1838 1004 1902; x_wconf 85' lang='lat' dir='ltr'>iuvenco</span> 
     </span>
     <span class='ocr_line' id='line_1_16' title="bbox 203 1927 1003 2012; baseline 0 -22"><span class='ocrx_word' id='word_1_93' title='bbox 203 1927 361 2010; x_wconf 82' lang='lat' dir='ltr'>inprobus</span> <span class='ocrx_word' id='word_1_94' title='bbox 386 1927 522 2012; x_wconf 82' lang='lat' dir='ltr'>erigitur</span> <span class='ocrx_word' id='word_1_95' title='bbox 546 1931 666 2011; x_wconf 82' lang='lat' dir='ltr'>contra,</span> <span class='ocrx_word' id='word_1_96' title='bbox 689 1948 749 1992; x_wconf 90' lang='lat' dir='ltr'>nec</span> <span class='ocrx_word' id='word_1_97' title='bbox 773 1948 850 1990; x_wconf 86' lang='lat' dir='ltr'>cura</span> <span class='ocrx_word' id='word_1_98' title='bbox 871 1931 1003 1990; x_wconf 84' lang='lat' dir='ltr'>retente</span> 
     </span>
     <span class='ocr_line' id='line_1_17' title="bbox 204 2014 1002 2100; baseline 0 -21"><span class='ocrx_word' id='word_1_99' title='bbox 204 2017 361 2100; x_wconf 78' lang='lat' dir='ltr'>inpetere:</span> <span class='ocrx_word' id='word_1_100' title='bbox 385 2016 487 2092; x_wconf 89' lang='lat' dir='ltr'>illum,</span> <span class='ocrx_word' id='word_1_101' title='bbox 510 2015 613 2099; x_wconf 87' lang='lat' dir='ltr'>illum,</span> <span class='ocrx_word' id='word_1_102' title='bbox 637 2014 736 2080; x_wconf 84' lang='lat' dir='ltr'>semel</span> <span class='ocrx_word' id='word_1_103' title='bbox 759 2016 794 2079; x_wconf 88' lang='lat' dir='ltr'>in</span> <span class='ocrx_word' id='word_1_104' title='bbox 817 2037 914 2099; x_wconf 90' lang='lat' dir='ltr'>quem</span> <span class='ocrx_word' id='word_1_105' title='bbox 938 2037 1002 2080; x_wconf 87' lang='lat' dir='ltr'>ven</span> 
     </span>
     <span class='ocr_line' id='line_1_18' title="bbox 204 2103 1001 2188; baseline 0.001 -21"><span class='ocrx_word' id='word_1_106' title='bbox 204 2125 270 2168; x_wconf 91' lang='lat' dir='ltr'>non</span> <span class='ocrx_word' id='word_1_107' title='bbox 294 2127 385 2169; x_wconf 83' lang='lat' dir='ltr'>secus</span> <span class='ocrx_word' id='word_1_108' title='bbox 410 2105 552 2169; x_wconf 87' lang='lat' dir='ltr'>obiectas</span> <span class='ocrx_word' id='word_1_109' title='bbox 575 2103 659 2169; x_wconf 81' lang='lat' dir='ltr'>acies</span> <span class='ocrx_word' id='word_1_110' title='bbox 682 2104 876 2188; x_wconf 85' lang='lat' dir='ltr'>turbamque</span> <span class='ocrx_word' id='word_1_111' title='bbox 900 2105 1001 2168; x_wconf 90' lang='lat' dir='ltr'>minor</span> 
     </span>
     <span class='ocr_line' id='line_1_19' title="bbox 206 2193 999 2278; baseline 0.001 -21"><span class='ocrx_word' id='word_1_112' title='bbox 206 2194 388 2257; x_wconf 84' lang='lat' dir='ltr'>dissimulat</span> <span class='ocrx_word' id='word_1_113' title='bbox 410 2194 592 2276; x_wconf 82' lang='lat' dir='ltr'>transitque</span> <span class='ocrx_word' id='word_1_114' title='bbox 614 2215 726 2278; x_wconf 81' lang='lat' dir='ltr'>manu3</span> <span class='ocrx_word' id='word_1_115' title='bbox 750 2197 859 2258; x_wconf 88' lang='lat' dir='ltr'>tamen</span> <span class='ocrx_word' id='word_1_116' title='bbox 882 2216 939 2258; x_wconf 87' lang='lat' dir='ltr'>ora</span> <span class='ocrx_word' id='word_1_117' title='bbox 962 2193 999 2258; x_wconf 83' lang='grc' dir='ltr'>Τ]</span> 
     </span>
     <span class='ocr_line' id='line_1_20' title="bbox 205 2281 955 2367; baseline 0.003 -22"><span class='ocrx_word' id='word_1_118' title='bbox 205 2286 336 2366; x_wconf 81' lang='lat' dir='ltr'>pectora</span> <span class='ocrx_word' id='word_1_119' title='bbox 359 2281 517 2366; x_wconf 81' lang='lat' dir='ltr'>Deilochi,</span> <span class='ocrx_word' id='word_1_120' title='bbox 541 2281 647 2346; x_wconf 81' lang='lat' dir='ltr'>Clonii</span> <span class='ocrx_word' id='word_1_121' title='bbox 670 2282 766 2367; x_wconf 84' lang='lat' dir='ltr'>latus,</span> <span class='ocrx_word' id='word_1_122' title='bbox 790 2282 846 2346; x_wconf 90' lang='lat' dir='ltr'>ilia</span> <span class='ocrx_word' id='word_1_123' title='bbox 869 2285 955 2347; x_wconf 87' lang='lat' dir='ltr'>torvi</span> 
     </span>
     <span class='ocr_line' id='line_1_21' title="bbox 206 2371 988 2455; baseline 0.001 -21"><span class='ocrx_word' id='word_1_124' title='bbox 206 2372 349 2454; x_wconf 83' lang='lat' dir='ltr'>perforat</span> <span class='ocrx_word' id='word_1_125' title='bbox 372 2371 591 2455; x_wconf 79' lang='lat' dir='ltr'>Hippotadae3</span> <span class='ocrx_word' id='word_1_126' title='bbox 615 2373 738 2435; x_wconf 85' lang='lat' dir='ltr'>truncis</span> <span class='ocrx_word' id='word_1_127' title='bbox 763 2393 821 2435; x_wconf 86' lang='lat' dir='ltr'>sua</span> <span class='ocrx_word' id='word_1_128' title='bbox 844 2371 988 2437; x_wconf 86' lang='lat' dir='ltr'>membra</span> 
     </span>
     <span class='ocr_line' id='line_1_22' title="bbox 206 2460 996 2545; baseline 0.003 -23"><span class='ocrx_word' id='word_1_129' title='bbox 206 2461 367 2524; x_wconf 86' lang='lat' dir='ltr'>interdum</span> <span class='ocrx_word' id='word_1_130' title='bbox 392 2460 564 2545; x_wconf 81' lang='lat' dir='ltr'>galeaeque</span> <span class='ocrx_word' id='word_1_131' title='bbox 587 2463 676 2523; x_wconf 87' lang='lat' dir='ltr'>rotat</span> <span class='ocrx_word' id='word_1_132' title='bbox 699 2483 756 2544; x_wconf 87' lang='lat' dir='ltr'>per</span> <span class='ocrx_word' id='word_1_133' title='bbox 779 2461 891 2525; x_wconf 91' lang='lat' dir='ltr'>nubila</span> <span class='ocrx_word' id='word_1_134' title='bbox 914 2461 996 2545; x_wconf 64' lang='lat' dir='ltr'>plene</span> 
     </span>
     <span class='ocr_line' id='line_1_23' title="bbox 207 2550 995 2634; baseline 0.004 -22"><span class='ocrx_word' id='word_1_135' title='bbox 207 2553 239 2612; x_wconf 89' lang='lat' dir='ltr'>et</span> <span class='ocrx_word' id='word_1_136' title='bbox 263 2551 326 2613; x_wconf 91' lang='lat' dir='ltr'>iam</span> <span class='ocrx_word' id='word_1_137' title='bbox 350 2550 542 2633; x_wconf 83' lang='lat' dir='ltr'>corporibus</span> <span class='ocrx_word' id='word_1_138' title='bbox 566 2570 634 2613; x_wconf 81' lang='lat' dir='ltr'>sese</span> <span class='ocrx_word' id='word_1_139' title='bbox 659 2550 837 2634; x_wconf 88' lang='lat' dir='ltr'>spoliisque</span> <span class='ocrx_word' id='word_1_140' title='bbox 861 2551 995 2615; x_wconf 88' lang='lat' dir='ltr'>cadentu</span> 
     </span>
     <span class='ocr_line' id='line_1_24' title="bbox 207 2637 990 2723; baseline 0.001 -21"><span class='ocrx_word' id='word_1_141' title='bbox 207 2637 379 2723; x_wconf 80' lang='lat' dir='ltr'>clauserat3</span> <span class='ocrx_word' id='word_1_142' title='bbox 403 2660 503 2702; x_wconf 90' lang='lat' dir='ltr'>unum</span> <span class='ocrx_word' id='word_1_143' title='bbox 527 2639 611 2701; x_wconf 82' lang='lat' dir='ltr'>acies</span> <span class='ocrx_word' id='word_1_144' title='bbox 635 2640 756 2703; x_wconf 88' lang='lat' dir='ltr'>circum</span> <span class='ocrx_word' id='word_1_145' title='bbox 779 2640 990 2723; x_wconf 81' lang='lat' dir='ltr'>eonsumitur,</span> 
     </span>
     <span class='ocr_line' id='line_1_25' title="bbox 207 2727 974 2792; baseline 0 0"><span class='ocrx_word' id='word_1_146' title='bbox 207 2728 316 2792; x_wconf 90' lang='lat' dir='ltr'>omnia</span> <span class='ocrx_word' id='word_1_147' title='bbox 339 2727 404 2792; x_wconf 89' lang='lat' dir='ltr'>tela</span> <span class='ocrx_word' id='word_1_148' title='bbox 427 2732 560 2791; x_wconf 82' lang='lat' dir='ltr'>vovent:</span> <span class='ocrx_word' id='word_1_149' title='bbox 584 2729 719 2791; x_wconf 87' lang='lat' dir='ltr'>summis</span> <span class='ocrx_word' id='word_1_150' title='bbox 742 2729 821 2791; x_wconf 88' lang='lat' dir='ltr'>haec</span> <span class='ocrx_word' id='word_1_151' title='bbox 845 2729 974 2792; x_wconf 85' lang='lat' dir='ltr'>ossibus</span> 
     </span>
     <span class='ocr_line' id='line_1_26' title="bbox 207 2816 992 2901; baseline 0.003 -21"><span class='ocrx_word' id='word_1_152' title='bbox 207 2840 281 2901; x_wconf 89' lang='lat' dir='ltr'>pars</span> <span class='ocrx_word' id='word_1_153' title='bbox 304 2819 460 2882; x_wconf 85' lang='lat' dir='ltr'>frustrata</span> <span class='ocrx_word' id='word_1_154' title='bbox 484 2817 611 2901; x_wconf 80' lang='lat' dir='ltr'>cadunt,</span> <span class='ocrx_word' id='word_1_155' title='bbox 635 2821 759 2900; x_wconf 88' lang='lat' dir='ltr'>partem</span> <span class='ocrx_word' id='word_1_156' title='bbox 783 2816 930 2880; x_wconf 84' lang='lat' dir='ltr'>Tritonia</span> <span class='ocrx_word' id='word_1_157' title='bbox 953 2841 992 2882; x_wconf 83' lang='lat' dir='ltr'>ve</span> 
     </span>
    </p>
   </div>
   <div class='ocr_carea' id='block_1_3' title="bbox 280 2989 991 3047">
    <p class='ocr_par' dir='ltr' id='par_1_3' title="bbox 280 2989 991 3047">
     <span class='ocr_line' id='line_1_27' title="bbox 280 2989 991 3047; baseline 0.003 -1"><span class='ocrx_word' id='word_1_158' title='bbox 280 2998 331 3046; x_wconf 82' lang='grc'>679</span> <span class='ocrx_word' id='word_1_159' title='bbox 350 2993 382 3045; x_wconf 92' lang='lat' dir='ltr'>In</span> <span class='ocrx_word' id='word_1_160' title='bbox 403 2999 420 3044; x_wconf 85' lang='grc'>6</span> <span class='ocrx_word' id='word_1_161' title='bbox 493 2998 545 3046; x_wconf 88' lang='grc'>680</span> <span class='ocrx_word' id='word_1_162' title='bbox 564 2989 682 3046; x_wconf 75' lang='lat' dir='ltr'>&#39;tridula</span> <span class='ocrx_word' id='word_1_163' title='bbox 701 2993 733 3044; x_wconf 76' lang='lat'>1³¹</span> <span class='ocrx_word' id='word_1_164' title='bbox 812 2996 862 3044; x_wconf 88' lang='lat'>681</span> <span class='ocrx_word' id='word_1_165' title='bbox 883 2993 909 3046; x_wconf 87' lang='lat' dir='ltr'>It</span> <span class='ocrx_word' id='word_1_166' title='bbox 928 2994 991 3047; x_wconf 79' lang='lat' dir='ltr'>eal</span> 
     </span>
    </p>
   </div>
   <div class='ocr_carea' id='block_1_4' title="bbox 209 3065 989 3281">
    <p class='ocr_par' dir='ltr' id='par_1_4' title="bbox 209 3065 989 3281">
     <span class='ocr_line' id='line_1_28' title="bbox 262 3065 978 3154; baseline 0.003 -3"><span class='ocrx_word' id='word_1_167' title='bbox 262 3104 313 3152; x_wconf 83' lang='grc'>686</span> <span class='ocrx_word' id='word_1_168' title='bbox 342 3099 468 3154; x_wconf 85' lang='lat' dir='ltr'>faventes</span> <span class='ocrx_word' id='word_1_169' title='bbox 492 3105 511 3151; x_wconf 83' lang='lat' dir='ltr'>P</span> <span class='ocrx_word' id='word_1_170' title='bbox 603 3105 653 3152; x_wconf 78' lang='grc'>687</span> <span class='ocrx_word' id='word_1_171' title='bbox 678 3065 769 3153; x_wconf 69' lang='lat' dir='ltr'>ieoola</span> <span class='ocrx_word' id='word_1_172' title='bbox 792 3098 833 3150; x_wconf 69' lang='lat' dir='ltr'>ul</span> <span class='ocrx_word' id='word_1_173' title='bbox 926 3105 978 3153; x_wconf 92' lang='grc'>689</span> 
     </span>
     <span class='ocr_line' id='line_1_29' title="bbox 209 3169 989 3281; baseline 0.003 -59"><span class='ocrx_word' id='word_1_174' title='bbox 209 3175 260 3222; x_wconf 92' lang='grc'>688</span> <span class='ocrx_word' id='word_1_175' title='bbox 280 3171 450 3240; x_wconf 82' lang='lat' dir='ltr'>armigerum</span> <span class='ocrx_word' id='word_1_176' title='bbox 470 3189 509 3224; x_wconf 75' lang='grc' dir='ltr'>ωε</span> <span class='ocrx_word' id='word_1_177' title='bbox 530 3170 633 3223; x_wconf 81' lang='lat' dir='ltr'>-fernm</span> <span class='ocrx_word' id='word_1_178' title='bbox 652 3176 671 3222; x_wconf 84' lang='lat' dir='ltr'>P</span> <span class='ocrx_word' id='word_1_179' title='bbox 743 3169 860 3281; x_wconf 69' lang='lat' dir='ltr'>plegipp</span> <span class='ocrx_word' id='word_1_180' title='bbox 880 3175 913 3229; x_wconf 75' lang='lat' dir='ltr'>Q:</span> <span class='ocrx_word' id='word_1_181' title='bbox 932 3171 989 3240; x_wconf 82' lang='lat' dir='ltr'>phl·</span> 
     </span>
    </p>
   </div>
   <div class='ocr_carea' id='block_1_5' title="bbox 208 3254 987 3647">
    <p class='ocr_par' dir='ltr' id='par_1_5' title="bbox 208 3254 987 3647">
     <span class='ocr_line' id='line_1_30' title="bbox 848 3254 861 3282; baseline 0 0"><span class='ocrx_word' id='word_1_182' title='bbox 848 3254 861 3282; x_wconf 89' lang='lat'>0</span> 
     </span>
     <span class='ocr_line' id='line_1_31' title="bbox 208 3295 979 3364; baseline 0.004 -19"><span class='ocrx_word' id='word_1_183' title='bbox 208 3299 268 3359; x_wconf 65' lang='lat' dir='ltr'>ba:</span> <span class='ocrx_word' id='word_1_184' title='bbox 293 3297 391 3354; x_wconf 55' lang='lat' dir='ltr'>-anif</span> <span class='ocrx_word' id='word_1_185' title='bbox 467 3300 518 3348; x_wconf 90' lang='grc'>689</span> <span class='ocrx_word' id='word_1_186' title='bbox 538 3295 628 3347; x_wconf 86' lang='lat' dir='ltr'>iamr</span> <span class='ocrx_word' id='word_1_187' title='bbox 710 3300 761 3348; x_wconf 88' lang='grc'>699</span> <span class='ocrx_word' id='word_1_188' title='bbox 785 3299 918 3364; x_wconf 58' lang='lat' dir='ltr'>reo-toque</span> <span class='ocrx_word' id='word_1_189' title='bbox 937 3297 979 3349; x_wconf 61' lang='grc' dir='ltr'>Μ]</span> 
     </span>
     <span class='ocr_line' id='line_1_32' title="bbox 208 3351 987 3421; baseline -0.001 -3"><span class='ocrx_word' id='word_1_190' title='bbox 208 3382 241 3418; x_wconf 77' lang='lat' dir='ltr'>aa</span> <span class='ocrx_word' id='word_1_191' title='bbox 259 3383 302 3418; x_wconf 84' lang='lat' dir='ltr'>-ee</span> <span class='ocrx_word' id='word_1_192' title='bbox 317 3351 361 3418; x_wconf 76' lang='lat' dir='ltr'>bs</span> <span class='ocrx_word' id='word_1_193' title='bbox 402 3370 484 3421; x_wconf 90' lang='lat' dir='ltr'>nocte</span> <span class='ocrx_word' id='word_1_194' title='bbox 499 3366 551 3419; x_wconf 88' lang='lat' dir='ltr'>sub</span> <span class='ocrx_word' id='word_1_195' title='bbox 567 3369 629 3420; x_wconf 85' lang='lat' dir='ltr'>atra</span> <span class='ocrx_word' id='word_1_196' title='bbox 643 3373 674 3419; x_wconf 73' lang='lat'>1⁸¹</span> <span class='ocrx_word' id='word_1_197' title='bbox 689 3370 720 3421; x_wconf 79' lang='lat' dir='ltr'>ia</span> <span class='ocrx_word' id='word_1_198' title='bbox 733 3384 787 3421; x_wconf 75' lang='lat' dir='ltr'>roe.</span> <span class='ocrx_word' id='word_1_199' title='bbox 863 3372 914 3420; x_wconf 80' lang='lat'>692</span> <span class='ocrx_word' id='word_1_200' title='bbox 932 3368 987 3421; x_wconf 64' lang='lat' dir='ltr'>iuvr</span> 
     </span>
     <span class='ocr_line' id='line_1_33' title="bbox 263 3437 986 3506; baseline 0.003 -16"><span class='ocrx_word' id='word_1_201' title='bbox 263 3441 314 3490; x_wconf 87' lang='grc'>693</span> <span class='ocrx_word' id='word_1_202' title='bbox 333 3437 480 3506; x_wconf 83' lang='lat' dir='ltr'>Improbus</span> <span class='ocrx_word' id='word_1_203' title='bbox 498 3444 519 3489; x_wconf 85' lang='lat' dir='ltr'>P</span> <span class='ocrx_word' id='word_1_204' title='bbox 596 3442 648 3490; x_wconf 84' lang='grc'>694</span> <span class='ocrx_word' id='word_1_205' title='bbox 666 3441 749 3506; x_wconf 86' lang='lat' dir='ltr'>urget</span> <span class='ocrx_word' id='word_1_206' title='bbox 768 3443 788 3489; x_wconf 82' lang='lat' dir='ltr'>P</span> <span class='ocrx_word' id='word_1_207' title='bbox 866 3443 918 3491; x_wconf 87' lang='grc'>696</span> <span class='ocrx_word' id='word_1_208' title='bbox 937 3455 986 3492; x_wconf 88' lang='lat' dir='ltr'>ma</span> 
     </span>
     <span class='ocr_line' id='line_1_34' title="bbox 263 3508 986 3578; baseline 0.007 -18"><span class='ocrx_word' id='word_1_209' title='bbox 263 3513 314 3561; x_wconf 77' lang='grc'>697</span> <span class='ocrx_word' id='word_1_210' title='bbox 335 3508 485 3563; x_wconf 79' lang='lat' dir='ltr'>deiloclic</span> <span class='ocrx_word' id='word_1_211' title='bbox 540 3509 625 3563; x_wconf 90' lang='lat' dir='ltr'>clonii</span> <span class='ocrx_word' id='word_1_212' title='bbox 644 3510 706 3578; x_wconf 80' lang='lat' dir='ltr'>(-mi</span> <span class='ocrx_word' id='word_1_213' title='bbox 726 3515 754 3563; x_wconf 79' lang='lat' dir='ltr'>c:</span> <span class='ocrx_word' id='word_1_214' title='bbox 776 3509 853 3562; x_wconf 92' lang='lat' dir='ltr'>donii</span> <span class='ocrx_word' id='word_1_215' title='bbox 866 3512 888 3578; x_wconf 75' lang='lat' dir='ltr'>l)</span> <span class='ocrx_word' id='word_1_216' title='bbox 908 3529 951 3564; x_wconf 73' lang='grc' dir='ltr'>ωε</span> <span class='ocrx_word' id='word_1_217' title='bbox 972 3530 986 3565; x_wconf 92' lang='grc'>6</span> 
     </span>
     <span class='ocr_line' id='line_1_35' title="bbox 208 3578 982 3647; baseline 0.009 -17"><span class='ocrx_word' id='word_1_218' title='bbox 208 3578 317 3632; x_wconf 89' lang='lat' dir='ltr'>othonii</span> <span class='ocrx_word' id='word_1_219' title='bbox 340 3585 373 3646; x_wconf 82' lang='lat' dir='ltr'>P,</span> <span class='ocrx_word' id='word_1_220' title='bbox 400 3583 448 3635; x_wconf 81' lang='lat' dir='ltr'>ced</span> <span class='ocrx_word' id='word_1_221' title='bbox 472 3581 604 3636; x_wconf 71' lang='lat' dir='ltr'>ottoniae</span> <span class='ocrx_word' id='word_1_222' title='bbox 627 3588 750 3635; x_wconf 75' lang='lat' dir='ltr'>mortona</span> <span class='ocrx_word' id='word_1_223' title='bbox 773 3588 811 3635; x_wconf 77' lang='lat' dir='ltr'>eat</span> <span class='ocrx_word' id='word_1_224' title='bbox 834 3583 868 3647; x_wconf 81' lang='lat' dir='ltr'>os.</span> <span class='ocrx_word' id='word_1_225' title='bbox 885 3586 982 3647; x_wconf 82' lang='lat'><strong><em>3,170</em></strong></span> 
     </span>
    </p>
   </div>
   <div class='ocr_carea' id='block_1_6' title="bbox 200 3655 984 3804">
    <p class='ocr_par' dir='ltr' id='par_1_6' title="bbox 200 3655 984 3804">
     <span class='ocr_line' id='line_1_36' title="bbox 200 3655 984 3804; baseline -0.004 -62"><span class='ocrx_word' id='word_1_226' title='bbox 200 3687 288 3744; x_wconf 83' lang='lat' dir='ltr'>tedae</span> <span class='ocrx_word' id='word_1_227' title='bbox 309 3695 333 3745; x_wconf 80' lang='lat'>1:</span> <span class='ocrx_word' id='word_1_228' title='bbox 358 3689 459 3746; x_wconf 85' lang='lat' dir='ltr'>-datae</span> <span class='ocrx_word' id='word_1_229' title='bbox 476 3694 511 3744; x_wconf 80' lang='lat' dir='ltr'>P:</span> <span class='ocrx_word' id='word_1_230' title='bbox 529 3687 640 3804; x_wconf 48' lang='lat' dir='ltr'>iqupae</span> <span class='ocrx_word' id='word_1_231' title='bbox 661 3705 688 3754; x_wconf 65' lang='grc' dir='ltr'>μ,</span> <span class='ocrx_word' id='word_1_232' title='bbox 756 3655 933 3742; x_wconf 55' lang='grc' dir='ltr'>ἵθῖᾞονθιιὴ</span> <span class='ocrx_word' id='word_1_233' title='bbox 953 3689 984 3748; x_wconf 67' lang='grc' dir='ltr'>α’</span> 
     </span>
    </p>
   </div>
   <div class='ocr_carea' id='block_1_7' title="bbox 190 3808 1007 3896">
    <p class='ocr_par' dir='ltr' id='par_1_7' title="bbox 190 3808 1007 3896">
     <span class='ocr_line' id='line_1_37' title="bbox 190 3808 1007 3896; baseline -0.002 -22"><span class='ocrx_word' id='word_1_234' title='bbox 190 3824 307 3877; x_wconf 83' lang='lat' dir='ltr'>vocant</span> <span class='ocrx_word' id='word_1_235' title='bbox 324 3820 362 3875; x_wconf 85' lang='lat' dir='ltr'>L¹</span> <span class='ocrx_word' id='word_1_236' title='bbox 373 3838 431 3896; x_wconf 73' lang='lat' dir='ltr'>my.</span> <span class='ocrx_word' id='word_1_237' title='bbox 454 3825 489 3877; x_wconf 75' lang='lat'>02</span> <span class='ocrx_word' id='word_1_238' title='bbox 507 3818 617 3876; x_wconf 77' lang='lat' dir='ltr'>rorent</span> <span class='ocrx_word' id='word_1_239' title='bbox 634 3812 669 3870; x_wconf 61' lang='lat' dir='ltr'>v*</span> <span class='ocrx_word' id='word_1_240' title='bbox 741 3813 796 3860; x_wconf 66' lang='lat' dir='ltr'>&#39;tot</span> <span class='ocrx_word' id='word_1_241' title='bbox 815 3808 894 3859; x_wconf 52' lang='grc'>9999</span> <span class='ocrx_word' id='word_1_242' title='bbox 912 3826 937 3872; x_wconf 74' lang='lat' dir='ltr'>p</span> <span class='ocrx_word' id='word_1_243' title='bbox 985 3829 1007 3876; x_wconf 59' lang='lat' dir='ltr'>x</span> 
     </span>
    </p>
   </div>
   <div class='ocr_carea' id='block_1_8' title="bbox 220 3978 249 4004">
    <p class='ocr_par' dir='ltr' id='par_1_8' title="bbox 220 3978 249 4004">
     <span class='ocr_line' id='line_1_38' title="bbox 220 3978 249 4004; baseline 0 0"><span class='ocrx_word' id='word_1_244' title='bbox 220 3978 249 4004; x_wconf 69' lang='grc' dir='ltr'><strong><em>Δ</em></strong></span> 
     </span>
    </p>
   </div>
   <div class='ocr_carea' id='block_1_9' title="bbox 0 0 1357 4317">
    <p class='ocr_par' dir='ltr' id='par_1_9' title="bbox 0 0 1357 4317">
     <span class='ocr_line' id='line_1_39' title="bbox 0 0 1357 4317; baseline 0 0"><span class='ocrx_word' id='word_1_245' title='bbox 0 0 1357 4317; x_wconf 95' lang='lat' dir='ltr'> </span> 
     </span>
    </p>
   </div>
  </div>
 </body>
</html>
