2684 4317
473 414 826 473 marmenem.
1095 417 1161 482 213

181 578 312 644 aetheriae.
356 579 465 663 potior
487 581 610 646 meritis
634 585 743 645 tamen
763 580 830 658 ifle,
853 580 909 644 sed
931 580 1027 646 huius

181 670 371 734 extremaiam
394 668 451 733 fila
474 670 560 755 colu3
584 668 679 735 datur
701 669 779 734 ordo
804 674 950 734 senectae
1109 686 1161 736 380

178 753 283 822 Admeto
305 779 476 842 serumque
498 758 595 844 mori3
619 759 680 824 tibi
703 760 795 825 nulla
817 764 990 843 supersunt

177 846 270 930 gaudia,
290 869 366 912 nam
389 847 518 913 Thebae
541 849 633 913 iuxta
655 851 689 912 et
710 848 880 913 tenebrosa
902 869 1032 935 vorago.

177 936 218 998 scis
235 936 333 1021 miser,
357 940 390 1000 et
411 941 540 1003 nostrae
562 937 689 1022 pridem
712 939 854 1003 cecinere
876 937 1044 1003 volueres?

175 1023 237 1108 dixit
257 1030 289 1089 et
312 1046 349 1090 os
371 1026 451 1091 fletu
473 1048 578 1111 paene·
596 1025 783 1090 inviolabile
806 1027 927 1091 tinctus

175 1116 303 1199 extemplo
326 1113 471 1182 Nemeen
493 1116 638 1181 radiante
660 1137 719 1199 per
741 1138 815 1179 aera
838 1115 922 1180 saltu
1109 1132 1161 1181 333

175 1203 235 1267 ocior
255 1208 287 1268 et
309 1205 415 1289 patrio
437 1205 527 1269 venit
549 1205 624 1291 igne
648 1205 780 1289 suisque
803 1205 939 1291 sagittis.

173 1289 217 1373 ipse
237 1293 312 1357 olim
335 1295 370 1357 in
392 1296 496 1379 terris,
519 1296 607 1359 caelo
631 1294 769 1379 vestigia
792 1294 917 1372 durant,

173 1380 290 1466 atraque
313 1404 372 1467 per
394 1384 552 1468 zephyros
575 1385 753 1448 etiamnum
777 1384 891 1448 semita
913 1383 1008 1448 lueet.

216 1476 242 1535 et
262 1473 327 1536 iam
352 1473 486 1538 sortitus
508 1471 670 1538 Prothous
694 1477 839 1537 versarat
860 1494 940 1537 aena

172 1561 272 1646 casside,
298 1562 426 1644 iamque
448 1563 539 1627 locus
563 1563 680 1645 cuique
703 1566 752 1626 est
774 1565 806 1626 et
828 1560 950 1626 liminis
974 1561 1062 1627 ordo.
1108 1578 1160 1627 390

172 1648 298 1714 toruum
321 1650 438 1715 deeora
459 1651 567 1735 ampla
589 1652 659 1736 viri,
684 1652 798 1716 decora
821 1673 922 1736 aequa
946 1651 1078 1737 iugales,

172 1734 252 1803 dirum
275 1743 451 1823 utrumque
473 1762 583 1827 genus,
607 1744 696 1806 stant
718 1763 782 1806 uno
806 1741 952 1826 margine
976 1740 1078 1806 clausi

172 1844 281 1911 spesque
303 1829 472 1914 audaxque
494 1852 559 1896 una
581 1835 687 1895 metus
710 1830 884 1896 etfiducia
905 1831 1038 1913 pallens.

171 1913 312 1982 nilfixum
336 1918 438 1983 cordi:
460 1923 608 2006 pugnant
630 1919 718 1984 exire
739 1924 931 2004 paventque,

172 2008 304 2071 conomrit
326 2028 469 2072 summos
492 2009 674 2073 animosum
696 2009 801 2094 frigus
824 2011 858 2074 in
882 2013 979 2072 artus.
1107 2024 1159 2073 395
1226 2039 1229 2046 ·

172 2094 208 2172 qui
225 2096 369 2180 dominis,
392 2096 475 2160 idem
500 2096 596 2160 ardor
619 2097 724 2182 equis3
746 2098 816 2164 face
839 2097 962 2162 lumina
986 2102 1133 2183 surgunt,

171 2200 208 2244 ora
224 2188 337 2250 sonant
360 2206 478 2270 mersu,
502 2187 688 2269 spumisque
711 2192 744 2251 et
766 2187 921 2273 sanguine
943 2186 1065 2251 ferrum

170 2272 254 2358 untur,
276 2275 397 2360 inpulsi
419 2279 583 2359 nequeunt
606 2275 765 2357 obsistere·
784 2280 893 2360 postes

217 2507 262 2558 379
282 2505 371 2559 Prisc.
386 2502 433 2558 GL
446 2503 473 2556 Π
487 2509 548 2571 969,
564 2510 597 2557 16
618 2504 708 2572 eolus,
728 2504 782 2559 coli
802 2507 831 2558 et
850 2504 927 2558 colus
1002 2504 1109 2559 Statius
1128 2506 1158 2558 in

169 2566 201 2624 VI:
216 2576 259 2629 sed
272 2575 357 2629 huius
373 2574 494 2629 ...colu
509 2616 532 2630 ..
548 2578 685 2630 senectae.
719 2578 753 2642 cf.
769 2577 841 2631 Sero.
857 2580 926 2630 Aen.
941 2581 967 2642 8,
981 2581 1034 2630 499
1052 2575 1158 2631 Statius

169 2638 226 2699 huius
243 2647 320 2701 eolus
338 2647 380 2716 (iu
397 2645 436 2700 VI
454 2645 627 2701 Thebaidos:
647 2649 810 2702 extrema..
827 2646 928 2702 colu..
945 2650 1075 2702 senectae
1093 2650 1156 2704 add.

169 2710 249 2786 Drod.)
326 2723 377 2771 391
399 2717 483 2774 OEoss.
505 2720 586 2773 Auci.
601 2718 643 2772 ed.
659 2717 718 2771 Mai
736 2719 774 2772 IX
791 2736 819 2786 p.
840 2725 891 2773 165
917 2717 1026 2773 deceris
1051 2719 1157 2774 Statius

169 2779 308 2858 Itebaidos,
326 2789 377 2843 ubi
391 2789 445 2844 ait:
463 2792 601 2846 terrarum
619 2791 721 2844 decora
737 2789 797 2844 alta
810 2790 863 2843 viri
878 2791 1028 2858 decorique
1048 2792 1157 2863 iugales

169 2929 353 2945 *ffi—

214 3044 262 3094 379
281 3006 437 3094 Aetheriae
454 3041 479 3093 1¹
549 3046 602 3095 399
620 3005 709 3094 tisac
763 3041 826 3095 colu
844 3047 864 3092 Ρ
884 3042 972 3097 Prisc.
989 3042 1075 3097 Seru:
1095 3043 1157 3097 colo

169 3106 292 3180 sagma»
348 3116 400 3166 382
415 3117 544 3181 namra-z
559 3112 655 3166 iamm
710 3117 761 3165 333
777 3113 979 3167 adnemeenv
1015 3119 1155 3167 aarum:

169 3179 253 3236 ethera
271 3201 299 3237 ω
374 3187 425 3236 388
444 3183 531 3237 etiam
550 3183 705 3238 etiamnum
720 3189 752 3237 L:
772 3180 972 3239 etiamnunc?
1027 3188 1078 3238 989
1093 3202 1157 3253 pro·

169 3282 223 3366 teus
243 3294 285 3350 Qb
350 3267 481 3355 versaiat
503 3290 534 3343 b¹
615 3296 667 3345 390
690 3289 769 3344 locus
797 3309 830 3346 ex
856 3292 936 3346 lucos
959 3291 993 3350 0¹
1056 3291 1156 3345 limitis

169 3358 214 3412 itis
226 3363 255 3415 io
267 3364 335 3431 rae.)
349 3361 375 3414 ι’
447 3366 497 3415 391
518 3362 618 3416 decora
632 3378 724 3430 aequa
738 3368 863 3423 ΡοιςΣε
889 3365 991 3417 decora
1005 3379 1094 3430 aeque
1114 3365 1155 3417 ⁸¹:

169 3445 239 3522 iecori
252 3446 342 3538 acqui
361 3471 454 3538 (priua
469 3485 563 3524 aceo.
578 3470 626 3535 11¹,
646 3471 763 3525 altenare
776 3471 833 3540 11⁰)
847 3477 886 3524 H:
902 3471 1075 3537 decoraeque
1090 3471 1155 3528 Qr¹z

169 3531 288 3609 decorique
303 3545 347 3609 (aa
358 3557 458 3609 -aeque
468 3540 514 3594 3¹:
529 3559 563 3596 ecc
577 3558 661 3609 -aque
671 3545 707 3609 μ)
723 3541 893 3610 limbum
909 3542 1011 3596 decore
1024 3543 1111 3609 atque
1120 3548 1154 3594 D:

169 3602 241 3665 iecora
258 3629 350 3681 aequa
368 3620 394 3667 et
411 3613 561 3680 decorique
575 3618 605 3667 Σ
659 3618 710 3666 393
729 3629 797 3681 -que
811 3631 869 3667 una
883 3615 911 3683 ξ
923 3630 981 3667 una
995 3616 1024 3666 et
1037 3632 1072 3680 μ,
1086 3631 1154 3668 eros¹

169 3736 214 3796 111)
227 3752 267 3785 10:
296 3749 407 3800 mque
430 3735 498 3795 1²0¹
566 3742 662 3796 metus
688 3761 748 3799 une
772 3749 796 3798 S
892 3687 1067 3800 SStiiiiuuiir
1085 3739 1120 3798 ν’

169 3803 278 3864 'evium’
289 3818 388 3868 WPO·
403 3803 438 3853 θ’
509 3815 565 3864 396
580 3815 615 3870 in
630 3817 686 3874 Iao.
703 3836 759 3877 scr.
774 3819 807 3876 b*
