2684 4317
446 408 615 464 EDITORIS
634 409 841 464 PRAEFATIO
1065 408 1152 463 LXXI

137 580 220 654 mans
243 582 324 639 enim
349 579 481 638 Severus
505 598 570 639 cum
595 578 699 637 dieti
721 572 779 659 (3),
801 582 852 653 10,
872 581 891 637 4
917 578 1006 638 Statii
1032 597 1151 638 versum

140 667 217 728 Theb.
232 673 260 744 8,
276 671 340 728 751
362 669 413 728 his
427 667 527 727 verbis
541 667 658 727 laudat:
671 670 814 727 nimirem
827 673 861 726 at
874 668 947 727 dicit
955 672 1043 741 poeta
1056 669 1150 727 aecem

142 751 224 838 00101)
238 790 278 800 -
293 761 412 817 utimar
439 759 517 815 enim
537 775 623 816 cerea
640 757 801 825 scolastico,
830 759 900 829 quta
922 760 998 816 inter
1022 758 1151 816 scoteni-

144 849 366 918 metabularum
389 867 447 903 —.·
466 849 667 920 captivumque
684 864 766 913 seem
783 847 961 905 mirantibus
979 844 1150 905 1010111Αο-

143 953 193 1006 coc,
204 937 312 996 scholia
327 936 472 995 Statiana
486 934 606 993 videtur
619 935 745 1009 novisse,
763 937 796 993 in
811 935 918 1011 quibus
933 938 1051 994 exstant
1064 936 1150 994 haec:

148 1023 320 1085 &mortibus
343 1044 414 1085 curn
438 1025 632 1083 admiratione
650 1026 825 1096 screatibus.
862 1026 981 1083 tantum
1001 1024 1080 1083 enim
1099 1024 1149 1083 ab·

150 1116 185 1170 est
201 1119 232 1172 ut
253 1115 357 1175 Severi
381 1115 564 1173 auctoritate
584 1116 748 1173 commotus
771 1115 947 1173 mirantibus
965 1113 1087 1189 probem
1108 1146 1148 1155 —

151 1197 265 1262 Garrodii
284 1204 421 1262 animum
441 1203 499 1262 hnc
516 1203 661 1262 inclinare
681 1202 754 1262 satis
768 1205 862 1262 miror
876 1234 928 1277 —‚
947 1203 1151 1262 010100000ίέ-

152 1288 192 1349 bu
202 1292 282 1370 longe
296 1297 456 1369 praestare
470 1290 606 1351 iudicem.
639 1292 753 1351 scholia
768 1295 868 1351 autem
884 1310 951 1351 oum
966 1294 1150 1369 argumentis

129 1380 130 1437 ζ
153 1379 299 1441 clulianea
318 1384 415 1458 stirpe
436 1381 535 1439 aliena
553 1383 631 1439 sunt.
667 1370 769 1440 tamen
788 1381 825 1440 de
844 1381 886 1440 eis
906 1381 1073 1440 accuratius
1092 1381 1150 1440 dis·

154 1470 256 1542 pandi
272 1471 321 1530 hic
340 1472 427 1529 loeus
446 1489 506 1529 non
525 1474 577 1529 est.
613 1489 703 1545 quam
722 1489 785 1529 rem
802 1472 835 1528 in
855 1470 947 1529 aliam
966 1471 1151 1529 occasionem

129 1552 130 1573 ¹
156 1553 299 1619 tiderimus.
334 1560 388 1620 sed
401 1559 565 1618 verisimile
584 1577 647 1618 esse
666 1559 797 1618 arbitror
815 1559 957 1637 vulgatae
976 1561 1100 1634 stirpem
1118 1561 1151 1617 in

158 1640 233 1706 tun
252 1649 377 1709 saeculis
403 1649 510 1723 quinto
533 1667 568 1708 ao
592 1651 674 1707 sexto
698 1649 870 1724 pullulasse.
907 1650 977 1724 post
1000 1648 1151 1707 saeculum

159 1737 216 1793 aa
232 1741 343 1798 sextum
360 1757 438 1796 num
452 1739 572 1796 omnino
592 1756 776 1814 equoquam
795 1737 838 1795 ibi
856 1737 952 1796 lectus
972 1738 1012 1796 sit
1027 1737 1151 1812 Statius,

160 1820 287 1885 amodum
306 1827 435 1886 dubium
454 1830 507 1885 est.

207 1918 300 1974 matra
311 1916 486 1975 Iulianeam
501 1914 624 1990 stirpem
638 1934 673 1973 ex
686 1915 779 1974 Italia
798 1933 861 1974 esse
876 1917 1064 1990 procreatam
1083 1933 1150 1973 cum

162 1999 325 2064 militudine
348 2007 450 2064 textus
474 1995 669 2085 Priscianei²)
696 2008 727 2063 et
751 2005 909 2079 Puteanei,
932 2006 998 2063 tum
1022 2006 1150 2063 maxime

163 2087 278 2152 tffinitate
300 2094 439 2154 codicum
461 2091 606 2152 Putearoei
628 2097 659 2152 et
677 2093 836 2153 Etonensis
860 2094 892 2152 in
911 2093 1078 2152 Achilleide
1102 2092 1150 2152 de-

164 2185 321 2241 numm.
349 2202 423 2242 nam
442 2182 601 2242 Etonensis
620 2183 833 2241 Beneventano
852 2201 929 2258 quae
949 2183 1059 2241 dicitur
1080 2184 1150 2241 scri·

165 2269 229 2337 ltro
239 2275 372 2332 exaratus
387 2275 435 2332 est
449 2271 567 2330 saeculo
577 2271 627 2329 XI.
648 2272 728 2330 huuc
742 2271 874 2331 codicem
889 2271 968 2346 quod
983 2273 1151 2330 accuratius

167 2368 220 2415 unc
233 2377 314 2434 qnam
333 2363 366 2420 in
385 2361 440 2420 illo
460 2379 548 2436 opere
566 2361 745 2420 recensendo
762 2362 913 2433 novimus,
934 2359 1073 2419 Garrodii
1090 2381 1151 2418 me·

168 2442 206 2502 rito
220 2447 318 2509 mrum
339 2454 394 2525 est,
415 2451 468 2526 qui
485 2449 518 2506 in
536 2449 712 2510 Achilleidis
732 2449 862 2509 editione
881 2450 970 2525 plena
989 2450 1052 2509 eius
1072 2450 1151 2508 codi-

170 2528 197 2590 t't
209 2537 351 2599 0011011000
369 2558 443 2598 usus
463 2542 515 2598 est.

130 2670 132 2674 -
212 2628 295 2686 tmen
318 2628 355 2688 de
377 2629 478 2704 pretio
503 2627 572 2686 libri
596 2631 665 2686 ante
685 2619 911 2709 Schenkelius³)
930 2630 1041 2686 rectius
1062 2647 1152 2703 quam

129 2725 135 2747 ’·
172 2705 251 2788 halus
275 2718 371 2778 editor
394 2709 579 2796 cuneavitfi)
622 2717 674 2776 ille
701 2719 780 2776 enim
806 2719 948 2794 cognovit
970 2717 1151 2776 Etonensem

173 2796 262 2864 &dicem
278 2808 517 2866 contaminatum
536 2823 599 2864 esse
614 2824 648 2864 ex
666 2806 744 2865 libro
764 2807 894 2881 quodam
912 2809 1044 2883 optimae
1063 2808 1151 2864 notae

173 2892 267 2952 -uce
280 2914 394 2956 errores
410 2895 534 2970 quidam
547 2893 693 2954 Puteanei
712 2895 919 2954 emaculantur
935 2896 1023 2953 huius
1042 2895 1151 2954 codicis

175 2977 248 3041 ¹¹¹ilio
260 3015 297 3026 -
312 2989 395 3044 etex
410 2983 488 3043 libro
503 2985 640 3060 pessimo,
654 2985 685 3042 id
700 2985 780 3061 quod
795 3004 830 3044 ex
847 2988 875 3058 1,
884 2986 947 3043 397
963 2984 1152 3060 potissimum

129 3096 147 3128 e
175 3069 316 3159 Fatetur,
334 3074 390 3133 ubi
409 3075 442 3133 in
457 3074 603 3132 Etonensi
616 3076 729 3133 maiore
748 3073 862 3133 initiali
881 3077 911 3132 et
929 3092 1017 3132 versu
1034 3074 1081 3132 bis
1100 3091 1152 3148 po-

128 3174 144 3243 e:
177 3152 322 3222 tontum
336 3164 467 3223 alicuius
481 3162 553 3222 libri
566 3163 725 3237 indicatur,
746 3182 806 3238 qua
820 3165 852 3220 in
867 3180 899 3221 re
913 3163 965 3220 ille
980 3161 1071 3221 codex
1085 3180 1153 3220 cum

178 3246 277 3310 mua
293 3257 383 3312 notae
403 3250 490 3312 libn's
510 3253 666 3326 consentit,
685 3271 740 3312 nec
754 3254 852 3311 minus
867 3270 955 3310 versu
969 3251 1152 3326 interpolato

136 3355 154 3391 ,Δ
180 3360 341 3390 k

130 3460 145 3492 c.
191 3492 196 3503 ,
221 3439 240 3500 1)
254 3455 313 3496 esve
326 3458 361 3495 ex
374 3440 430 3494 hac
444 3438 651 3510 significatione
666 3439 837 3494 concluseris
851 3455 866 3491 e
881 3439 1016 3493 memoria
1031 3438 1153 3493 Statium

183 3498 251 3633 ἃ
263 3510 341 3567 docta
359 3511 438 3566 enim
456 3510 647 3566 haesitatione
665 3511 796 3566 doctrina
816 3510 968 3578 obtegitur,
987 3528 1042 3578 quo
1061 3511 1153 3578 magis

129 3598 158 3636 ra
251 3623 256 3634 .

131 3682 139 3706 l
224 3650 243 3716 ²)
256 3652 285 3708 cf.
302 3654 420 3710 Hermes
440 3659 476 3708 40
496 3655 588 3723 (1905)
606 3672 633 3722 p.
649 3660 701 3708 341
713 3672 753 3725 sq.

225 3720 338 3786 baia.
354 3726 436 3781 seua.
451 3731 469 3779 4
484 3727 575 3794 (seer)
590 3743 619 3798 p.
636 3731 670 3786 ae
680 3747 720 3804 sq.

226 3792 302 3855 ⁴)1em
318 3797 437 3866 exposui
451 3795 525 3852 Berl.
539 3797 643 3862 Pbllol
664 3803 769 3866 Woch.
785 3813 821 3866 27
845 3809 944 3884 11111111
964 3826 998 3881 p.
1012 3809 1129 3872 occsa·
