2684 4317
344 426 549 482 THEBAIDOS
568 426 635 481 LIB.
650 425 683 481 V.
961 425 1024 489 187

200 613 259 656 ros
283 594 369 655 artus
392 590 514 676 gremio
538 591 718 654 miseranda
740 588 863 673 recepit
976 605 1028 654 666

210 679 323 764 comis,
345 680 473 745 tandem
496 680 605 744 laxata
628 677 733 743 dolori
783 758 785 760 Ι
1118 672 1121 682 ’

204 774 219 834 t
243 769 315 852 iter,
338 768 541 855 gemitusque
564 769 598 833 in
620 768 719 832 verba
743 767 856 831 soluti:

199 861 315 923 nertae
337 863 486 923 natorum
510 857 613 923 duleis
636 857 755 941 image,

199 981 211 1032 e,
238 969 260 1010 ο
282 969 388 1012 rerum
411 951 444 1011 et
466 947 590 1031 patriae
614 946 759 1010 solamen
783 945 952 1028 ademptae

216 1038 326 1119 decus,
349 1036 404 1120 qui
427 1040 468 1119 te,
491 1057 563 1099 mea
585 1035 712 1121 gaudia,
736 1038 844 1099 sontes
976 1050 1028 1099 610

199 1127 259 1208 tei,
281 1125 378 1191 modo
402 1147 496 1209 quem
522 1125 665 1210 digressa
687 1123 805 1207 reliqui

201 1221 216 1280 t
241 1236 346 1299 prono
369 1218 539 1279 vexantem
562 1215 708 1300 gramina
732 1213 850 1277 eursu?

201 1304 293 1368 derei
315 1303 446 1368 vultus?
468 1303 526 1367 ubi
549 1303 647 1367 rerba
670 1302 782 1388 ligatis

204 1393 297 1458 sonia
319 1394 467 1476 deusque
490 1396 523 1456 et
546 1414 712 1456 murmura
735 1390 797 1456 soli

199 1481 298 1546 nihi?
320 1482 469 1566 quotiens
492 1482 553 1546 tibi
577 1481 724 1545 Lemnon
747 1484 779 1544 et
802 1478 893 1565 Argo
976 1496 1028 1543 616

199 1574 210 1636 i
234 1576 267 1635 et
291 1571 389 1656 longa
411 1593 559 1635 somnum
584 1571 718 1634 suadere
741 1569 898 1652 querella!

199 1684 226 1724 m
249 1660 358 1727 laetus
382 1660 511 1726 solabar
534 1664 566 1724 et
589 1659 689 1723 ubera
711 1679 812 1743 parvo

199 1749 389 1834 nudabam,
413 1749 465 1813 eui
487 1771 574 1814 nune
597 1749 686 1813 venit
709 1749 826 1812 inritus
851 1746 947 1810 orbae

198 1839 294 1903 rt'elix
318 1840 352 1903 in
376 1839 509 1903 vulnera
531 1837 669 1920 liquitur
692 1837 804 1900 imber.

198 1953 218 1992 ³:
242 1950 262 1992 0
287 1928 366 1992 dura
389 1928 453 1992 mei
475 1927 644 2013 praesagia
667 1926 773 1991 somni
976 1942 1028 1991 620

198 2039 221 2081 6
244 2021 361 2101 metus,
384 2021 416 2081 et
438 2037 615 2100 numquam
639 2016 762 2100 inpune
784 2035 844 2098 per
866 2014 998 2079 umbras

198 2106 269 2170 nihi
292 2106 362 2170 visa
384 2105 507 2171 Venus!
532 2127 613 2189 quos
637 2125 739 2190 arguo
764 2103 878 2166 divos?

200 2218 217 2258 e
242 2233 283 2241 -
309 2194 387 2278 quid
409 2195 495 2260 enim
516 2195 645 2259 timeam
667 2194 826 2258 moritura
843 2192 960 2256 fateri?
985 2231 1027 2238 -

199 2285 250 2348 tis.
298 2306 380 2369 quae
402 2288 544 2348 mentem
567 2283 694 2347 insania
716 2281 839 2346 traxit?

198 2395 212 2437 e
234 2377 345 2438 tantae
367 2377 499 2438 tenuere
522 2372 643 2436 oblivia
666 2372 783 2438 curae?
975 2388 1027 2435 626

198 2484 229 2526 >a
252 2483 345 2527 casus
368 2463 535 2546 famaeque
559 2483 674 2525 exorsa
696 2464 834 2525 retracto

199 2573 290 2615 meae
314 2589 356 2598 -
380 2551 482 2635 pietas
506 2551 585 2616 haee
608 2573 727 2636 magna
749 2549 906 2632 fidesque!
931 2586 982 2632 -,

198 2641 223 2723 ·i,
246 2640 376 2723 Lemne,
397 2642 501 2726 nefas3
523 2641 580 2705 ubi
603 2640 711 2704 letifer
732 2638 857 2723 anguis,

204 2857 234 2919 5,
251 2856 303 2904 628
331 2853 436 2907 exseri
463 2852 529 2906 tibi:
557 2852 610 2906 hoe
639 2853 683 2905 est
711 2850 787 2918 quod
816 2849 944 2918 superius
973 2849 1026 2903 ait:

197 3103 253 3143 ertit

197 3155 310 3223 exitque
329 3154 363 3210 ν’
416 3155 564 3212 lassatae
623 3153 714 3207 dolori
733 3155 877 3208 Bentleius
896 3158 920 3205 et
939 3152 1027 3205 Heia-

197 3232 274 3281 ιΡω
356 3232 406 3282 602
426 3226 581 3297 gemitus!
652 3225 1028 3279 608-61666216666666

199 3304 251 3352 669
270 3299 469 3352 Archemareb
525 3299 554 3350 et
570 3314 621 3352 ern.
636 3315 662 3364 μ
727 3303 777 3351 611
798 3295 965 3349 Extinexere
984 3298 1026 3347 Bb

243 3376 295 3423 616
314 3387 381 3438 argo
400 3388 417 3430 ς
439 3369 606 3426 Gronovius:
627 3384 710 3438 argos
729 3374 795 3422 Ρωι
821 3382 908 3436 argon
928 3383 945 3424 ς
963 3367 1027 3434 (usu

234 3483 286 3530 616
306 3454 372 3531 sita
390 3477 424 3530 13¹
479 3481 531 3530 618
550 3475 645 3529 irritus
664 3481 685 3526 r
745 3476 830 3529 orbae
849 3480 881 3526 r:
907 3473 956 3542 013
978 3472 1025 3524 3¹:

197 3567 229 3602 n:
257 3563 305 3603 ore
333 3548 516 3618 (66611110)
539 3552 589 3599 lc
661 3546 759 3599 irritus
783 3547 825 3599 ori
853 3544 917 3598 add.
942 3542 973 3595 b¹

197 3620 297 3673 1r¹b¹
354 3619 473 3688 hymber
490 3624 533 3671 Bb
589 3624 640 3671 620
660 3619 732 3671 dura
750 3623 817 3671 Pm:
837 3629 901 3669 vera
922 3615 1027 3669 Mulier

443 3704 458 3732 V

198 3750 238 3800 86
320 3749 499 3809 6227611166
584 3750 637 3802 626
657 3764 712 3803 om.
729 3745 777 3816 m,
795 3744 864 3802 add.
878 3738 919 3795 Ψ
990 3739 1042 3794 66-

197 3834 227 3870 w.
302 3815 489 3887 6260umu
547 3839 727 3894 -queomff
