2684 4317
233 386 298 450 110
593 385 624 439 P.
643 385 767 440 PAPINI
785 385 890 439 STATI

231 548 387 631 obicibus,
410 553 563 614 resonant
586 550 748 633 permixto
770 549 900 614 turbiue
922 553 1019 633 tecta,

231 659 316 721 arva,
339 644 494 722 armenta,
515 640 587 722 viri,
610 639 712 703 donec
736 639 828 703 stetit
849 637 1006 721 inprobus
1030 639 1098 706 alto
1195 656 1225 705 67

230 726 312 791 60116
336 729 442 792 minor
464 749 648 813 magnoque
671 728 796 793 invenit
819 728 854 792 in
876 749 995 813 aggere
1018 729 1115 812 ripas.

297 817 377 881 haec
400 816 524 880 alterna
547 818 665 883 dueum
689 839 756 881 nox
778 817 936 881 interfusa
960 817 1099 883 diremit.

230 909 262 969 at
286 907 426 990 gemitus
450 904 552 992 Argia
574 906 637 970 viri
658 927 726 970 non
749 906 887 989 amplius
910 927 1015 990 aequo

229 995 325 1060 corde
349 996 456 1059 ferens
480 996 668 1079 sociumque
693 995 801 1058 animo
826 995 978 1058 miserata
1000 994 1153 1080 dolorem,
1221 1036 1225 1045 ·

229 1085 314 1149 sicut
337 1090 406 1148 erat
427 1085 541 1149 laceris
565 1084 690 1169 pridem
713 1088 844 1168 turpata
865 1082 992 1167 capillis
1191 1094 1225 1150 78

229 1178 261 1238 67
284 1175 363 1237 fletu
387 1176 515 1259 signata
538 1195 646 1259 genas,
669 1173 710 1237 ad
734 1173 818 1238 celsa
840 1173 972 1238 verendi

228 1263 298 1327 ibat
321 1267 407 1327 tecta
430 1264 541 1347 patris,
563 1284 764 1347 parvumque
787 1263 847 1328 sub
871 1263 970 1327 ubere
993 1284 1070 1328 earo

228 1352 469 1416 Thessandrum
492 1351 645 1437 portabat
667 1373 728 1416 avo
751 1351 817 1416 iam
839 1356 934 1416 nocte
958 1372 1109 1436 suprema
1223 1396 1225 1403 -

228 1447 302 1505 ante
325 1463 428 1506 novos
452 1445 552 1525 ortus,
574 1441 633 1506 ubi
655 1440 726 1505 sola
748 1442 922 1524 superstite
944 1440 1094 1525 plaustro

227 1530 345 1594 Arctos
369 1531 408 1594 ad
434 1553 589 1597 oceanum
612 1530 814 1616 fugientibus
838 1529 961 1595 invidet
984 1531 1091 1596 astris.
1190 1540 1225 1594 661

228 1625 328 1703 utque
351 1619 437 1683 fores
460 1619 534 1683 iniit
557 1641 741 1704 magnoque
764 1619 877 1683 adfusa
899 1620 1028 1702 parenti
1051 1623 1114 1685 est:

229 1708 297 1772 ‘cur
319 1712 377 1773 tua
400 1730 472 1773 cum
497 1707 638 1773 lacrimis
661 1713 784 1773 maesto
809 1709 878 1772 sine
901 1709 1040 1793 coniuge
1064 1707 1195 1793 supplex

228 1796 340 1861 limina
363 1802 458 1860 nocte
481 1803 600 1881 petam,
623 1819 745 1861 cessem
768 1797 845 1860 licet
867 1798 939 1881 ipsa
962 1796 1096 1881 profari,

228 1887 290 1950 scis
314 1888 451 1972 genitor.
498 1887 553 1952 sed
576 1888 648 1951 iura
671 1887 767 1950 deum
791 1886 930 1970 genialia
953 1890 1058 1951 testor

228 1978 323 2058 teque
346 1979 447 2058 pater,
470 1997 536 2039 non
559 1975 614 2040 ille
637 1977 737 2054 iubet,
761 1975 816 2039 sed
839 1973 978 2060 pervigil
1001 1997 1118 2061 eng0r3
1192 1984 1225 2039 69

227 2086 267 2127 ex
291 2085 354 2148 quc
379 2065 502 2148 primus
525 2064 656 2147 Hymen
679 2064 845 2147 movitque
870 2064 1013 2128 infausta
1036 2063 1196 2130 sinistrum

226 2152 308 2218 Iuno
332 2151 444 2237 facem,
468 2175 594 2237 semper
616 2152 758 2217 lacrimis
782 2154 968 2238 gemituque
993 2154 1174 2237 propinquo

227 2241 398 2306 exturbata
421 2244 522 2327 quies.
568 2263 635 2306 non
658 2243 686 2306 si
710 2242 790 2306 mihi
813 2243 942 2327 tigridis
965 2242 1084 2307 horror

226 2353 466 2416 aequoreasque
490 2353 587 2414 super
609 2332 737 2416 rigeant
760 2331 948 2414 praecordia
972 2335 1093 2414 cautes,

226 2421 310 2484 ferre
335 2442 465 2504 queam3
488 2425 525 2485 tu
549 2419 636 2484 solus
661 2442 764 2503 opem,
788 2424 825 2483 tu
849 2441 976 2483 summa
998 2419 1146 2485 medendi
1193 2432 1225 2484 69

227 2511 297 2574 iura
320 2514 424 2594 tenes3
448 2510 489 2573 da
511 2509 605 2592 bella,
628 2514 731 2594 pater,
754 2509 928 2595 generique
951 2509 1087 2575 iacentis

226 2600 333 2683 aspice
357 2622 407 2663 res
430 2599 579 2682 humiles,
603 2606 700 2684 atque
723 2598 815 2682 hanc,
838 2602 938 2682 pater,
962 2598 1070 2683 aspice
1092 2596 1211 2682 prolem

227 2688 343 2771 exulis3
366 2689 443 2752 huic
467 2687 545 2752 olim
570 2689 697 2773 generis
720 2688 833 2771 pudor.
881 2709 899 2751 0
924 2687 980 2751 ubi
1004 2688 1109 2771 prima

298 2833 349 2880 677
369 2828 514 2897 improbus
533 2833 553 2878 7
644 2833 695 2880 677
716 2827 794 2880 Haec
817 2833 883 2881 ra:
913 2842 1003 2895 aeque
1026 2828 1178 2882 Baehrens
1202 2820 1225 2881 6

226 2901 400 2954 Koestliaius
418 2903 494 2952 1877
508 2916 538 2968 p.
553 2903 611 2953 285
685 2904 736 2952 678
756 2898 793 2951 Ε7
806 2917 832 2965 μ
906 2903 958 2951 680
976 2897 1225 2977 166677677777167771Ι

225 2971 335 3039 pridem
354 2969 455 3025 laceris
474 2989 502 3024 ω
565 2972 683 3039 turpata
701 2974 733 3024 P:
753 2968 831 3023 turb·
851 2988 878 3023 ω
962 2974 1013 3022 686
1033 2986 1164 3039 suprema
1179 2973 1225 3023 Pu

226 3042 328 3110 supina
347 3042 480 3097 Manciae
561 3046 612 3094 684
632 3043 711 3095 ortus
731 3058 782 3096 0777.
801 3040 843 3106 171,
863 3041 927 3094 add.
947 3038 985 3093 11⁰
1044 3040 1150 3110 plustre
1167 3040 1225 3108 μ’,

225 3136 277 3184 686
297 3133 391 3198 Atque
409 3135 426 3183 b
482 3128 611 3189 effusae
690 3135 742 3184 689
761 3128 887 3200 genialia
907 3129 1085 3200 abruma:
1110 3104 1225 3271 geniffl

225 3203 270 3256 2¹:
291 3200 435 3273 panigalia
448 3220 487 3268 u:
507 3201 646 3271 genitalia
665 3206 728 3256 ωΣ
741 3203 841 3256 Bamb.
866 3201 923 3269 (sed
941 3202 1096 3270 explicatur
1114 3199 1178 3272 geni

619 3275 709 3314 {facem
822 3274 967 3322 {propinquo
1216 3290 1225 3331 p

279 3331 331 3381 690
350 3325 501 3397 provigils
554 3330 605 3379 692
620 3325 770 3381 7706677717ιῐ
824 3325 1000 3396 profundoll
1073 3330 1126 3379 694
1144 3332 1225 3427 aequ,

224 3414 344 3466 reasque
367 3399 508 3453 Klotzias:
543 3398 763 3465 Aequoreaeque
791 3403 844 3452 Ρω
908 3397 1022 3467 rigeant
1044 3414 1078 3453 cc
1099 3399 1179 3452 7677
1219 3392 1225 3467 ,“

225 3505 397 3558 69660161)
452 3521 562 3557 summa
577 3482 739 3575 medendill
813 3509 864 3557 696
888 3504 1100 3574 generisquel)
1154 3502 1225 3557 iace!

224 3576 262 3628 tis
272 3583 318 3629 ΡΙ)
333 3577 417 3643 (qaod
430 3577 536 3630 retinui
543 3575 910 3688 prhqptervoccnphbumilesp
926 3576 1047 3629 tacentis
1061 3593 1090 3630 ω
1104 3573 1225 3655 13le

615 3659 628 3687 0
784 3660 796 3688 0

194 3699 411 3838 tibibbgffm
430 3705 543 3756 HM:
568 3699 636 3756 huic
657 3699 705 3761 tt':
729 3701 804 3768 bunc
821 3720 836 3753 7
896 3717 912 3754 ο
931 3700 981 3753 ubi
999 3705 1058 3761 Po:
1078 3697 1161 3754 obvia
1178 3699 1225 3834 (qq

259 3982 294 4012 A
