2684 4317
407 415 578 472 EDITORIS
596 415 803 472 PRAEFATIO
1078 417 1116 472 IX

135 587 233 659 spiceret
252 606 342 648 nemo.
378 589 447 664 post
469 588 549 647 hunc
573 590 674 646 autem
696 586 855 664 Philippus
873 586 1045 646 Kohlmann
1064 607 1118 664 per

135 676 206 734 totam
218 678 388 738 Thebaidem
403 677 589 736 Puteaneum
602 675 739 751 adscivit,
753 676 804 736 sed
818 678 853 735 ut
872 675 914 752 fit,
929 694 995 735 cum
1011 677 1117 736 ceteris

134 765 253 826 malorem
271 787 331 827 esse
350 768 548 844 cognosceret,
567 784 655 826 caeca
669 785 736 825 eum
751 766 924 825 adulatione
943 769 1117 843 prosecutus

134 856 171 927 eat,
185 856 247 915 adeo
265 859 300 915 ut
318 856 384 933 plus
404 856 493 915 semel
509 859 613 915 contra
632 873 735 914 versus
749 854 830 932 leges
845 873 966 932 peccare
986 874 1046 915 non
1065 855 1118 914 du-

134 939 223 1020 bitaret,
240 945 394 1005 dummodo
413 944 561 1004 Puteanei
578 945 737 1004 lectionem
756 943 992 1019 amplecteretur.

180 1036 335 1094 contulerat
348 1035 478 1094 codicem
492 1034 715 1093 accuratissime
729 1034 761 1091 in
771 1032 891 1092 Mdlleri
905 1052 991 1092 usum
1006 1033 1118 1092 Paulus

134 1119 213 1197 lleyer.
239 1125 323 1184 cuius
342 1125 500 1183 collatione
514 1123 623 1182 Miiller
640 1125 673 1181 in
688 1122 819 1183 editione
839 1141 894 1181 sua
912 1141 962 1182 sex
975 1123 1119 1182 librorum

134 1207 261 1273 Thebaidis
279 1233 349 1274 usus
369 1216 421 1273 est.
458 1213 533 1271 mihi
551 1232 621 1272 vero
640 1214 708 1272 tcta
727 1211 849 1271 collatio
868 1212 982 1288 Meyeri
1000 1215 1119 1289 praesto

134 1303 169 1359 er.
193 1303 255 1362 dein
272 1304 479 1363 Kohlmannus
502 1303 566 1378 ipse
590 1322 711 1378 quoque
735 1303 832 1361 totam
851 1302 1033 1362 Thebaidem
1052 1320 1118 1361 con·
1165 1378 1168 1384 Ι

134 1388 188 1449 tulit.
218 1394 268 1453 sed
286 1412 356 1452 cum
379 1392 460 1452 haud
478 1392 580 1468 paucis
599 1393 673 1451 locis
693 1391 812 1449 diversa
831 1393 922 1466 atque
940 1392 1043 1469 Meyer
1060 1395 1119 1452 ret-

133 1477 207 1540 tulerit
219 1483 254 1542 de
270 1483 379 1558 codice,
393 1481 474 1541 locos
489 1480 622 1560 singulos
637 1482 884 1540 examinaverunt
897 1480 1075 1541 Wilkinsius
1090 1483 1121 1539 et

133 1562 212 1646 Plator,
228 1572 309 1632 unde
328 1591 387 1630 non
406 1571 496 1630 nullis
513 1571 586 1629 locis
605 1572 733 1630 certiora
753 1573 783 1629 et
797 1571 915 1629 veriora
930 1590 1022 1646 quam
1041 1568 1121 1648 apud

134 1652 324 1720 Kohlmannum
337 1662 369 1718 in
384 1660 565 1720 editionibus
574 1661 742 1738 Anglorum
756 1658 926 1719 extiterunt.
941 1663 1044 1719 tamen
1057 1680 1121 1719 rem

133 1749 218 1817 huius
240 1751 397 1824 resarcire,
420 1752 455 1808 ut
477 1769 533 1825 par
556 1752 633 1824 erat,
657 1748 827 1807 noluerunt.
869 1749 971 1825 itaque
995 1750 1121 1828 gaudee,

133 1838 188 1907 qued
199 1840 270 1899 mihi
284 1840 422 1916 contigit,
441 1841 476 1898 ut
490 1857 568 1898 anno
585 1841 669 1898 1901
687 1837 818 1897 codicem
831 1837 1044 1917 benignissime
1057 1840 1120 1899 Mo-

133 1926 240 1989 uachium
254 1930 465 1989 transmissum
479 1930 511 1987 in
526 1928 713 1987 Bibliotheca
723 1928 818 2006 Regia
832 1927 991 2007 diligenter
1005 1931 1121 1989 excute-

133 2028 179 2072 rem.
194 2037 256 2078 cum
270 2037 344 2077 vero
358 2019 420 2076 fere
437 2036 553 2092 semper
566 2037 632 2076 mea
647 2017 769 2076 collatio
785 2036 851 2076 cum
865 2018 1039 2095 Meyeriana
1053 2036 1121 2077 con-

132 2105 208 2183 eret,
225 2111 255 2167 et
273 2107 328 2166 ubi
347 2107 502 2181 differunt,
520 2110 588 2166 uter
606 2107 647 2166 sit
664 2097 759 2166 errori
778 2106 930 2181 obnoxius,
949 2108 1037 2167 facile
1056 2127 1121 2182 per·

132 2194 256 2273 secam,
281 2196 346 2254 iam
369 2198 515 2272 quantum
538 2215 628 2271 penes
651 2197 786 2255 homines
806 2197 863 2269 est,
883 2200 1056 2256 accuratam
1075 2217 1122 2256 me

131 2276 245 2346 Puteanei
262 2286 337 2345 libri
356 2287 496 2344 notitiam
514 2304 600 2361 spero
619 2286 817 2362 proposuisse.

175 2376 309 2451 codicem,
321 2377 374 2451 qui
383 2375 500 2434 saeculo
507 2375 550 2433 IX
560 2378 684 2434 exeunte
693 2375 781 2433 antX
790 2376 911 2435 ineunte
921 2377 1050 2452 scriptus
1059 2394 1122 2436 esse

130 2460 234 2540 ridetur,
251 2464 292 2525 ad
313 2463 525 2523 bibliothecam
544 2464 720 2524 monasterii
741 2463 926 2524 Oorheiensis
944 2465 1123 2541 pertinuisse

128 2546 321 2614 demonstravit
339 2552 410 2612 Otto
419 2546 565 2633 Muller.1)
584 2573 655 2613 nam
674 2552 873 2614 subscribitur
890 2556 922 2613 in
942 2554 1021 2614 calce
1039 2555 1122 2614 libri:

424 2662 659 2837 mirata
677 2665 815 2838 Perre»

128 2868 163 2930 ubi
177 2895 247 2951 quae
261 2876 350 2934 uncis
365 2875 467 2935 fractis
487 2877 714 2952 circumscripsi,
729 2894 814 2936 erasa
828 2879 898 2936 sunt
912 2909 951 2918 —
969 2897 1075 2954 nempe
1090 2881 1124 2937 ut

128 2958 214 3022 tinum
238 2964 390 3025 celaretur
407 2997 464 3040 -,
488 2965 539 3025 sed
563 2975 643 3025 certo
668 2967 796 3042 cognita.
842 2985 939 3042 neque
963 2968 1122 3043 quicquam

128 3047 209 3129 rbstat,
227 3053 390 3132 quominus
409 3055 539 3114 codicem
560 3053 701 3114 Gorbeiae
721 3056 813 3113 etiam
832 3058 976 3134 scriptum
996 3075 1058 3116 esse
1079 3077 1123 3116 ar-

128 3140 252 3203 itremur.
297 3143 379 3201 idem
401 3143 448 3202 vir
475 3143 580 3204 doctus
602 3145 733 3222 ineptias
756 3144 947 3205 librariorum
969 3149 1124 3222 praeterea

128 3229 219 3294 idditas
233 3234 436 3309 transcripsit.
455 3252 506 3294 sex
520 3234 598 3291 enim
614 3234 776 3308 subscripti
790 3235 860 3293 sunt
874 3234 1024 3295 Thebaide
1039 3235 1124 3296 finita

128 3337 209 3384 tosus.
246 3323 366 3399 primus
386 3323 431 3380 est
449 3322 511 3382 hic:

232 3439 369 3511 Scripter
386 3455 452 3497 sum
470 3439 539 3499 talis
558 3440 737 3499 demonstrat
754 3439 839 3498 litero
857 3444 962 3514 qualis,

128 3551 205 3615 binde
225 3555 380 3615 adiectum
399 3557 444 3613 est
462 3554 592 3631 primum
610 3575 645 3614 ex
664 3553 810 3614 Distichis
831 3549 999 3638 Catonis²):

172 3747 195 3813 1)
215 3742 320 3799 Electa
336 3740 468 3796 Statana.
503 3761 598 3818 progr.
618 3746 752 3808 Berolini
773 3755 847 3811 1882
868 3776 900 3833 p.
915 3761 964 3816 lh.

165 3819 192 3880 2)
211 3809 394 3878 OttonIler,
417 3812 612 3878 chhcuschr.
630 3823 920 3908 ffirPhilologie‘lb
932 3826 1176 3910 trabam-WB·
