2684 4317
199 388 247 441 XL
507 384 676 441 abircius
695 384 901 439 PRAEFATIO

199 557 272 615 tulit
289 555 436 614 librorum
458 557 729 631 manuscriptorum
752 556 891 614 notitiam
915 555 1025 615 habere
1046 557 1098 633 ips

198 647 326 703 maxime
345 644 468 703 moleste
486 645 558 702 fero.
595 645 646 703 sed
664 647 697 703 in
715 647 801 704 tanto
820 664 944 703 numero
964 646 1098 706 codicum

200 735 305 793 stitum
324 752 383 792 non
397 734 485 792 unius
500 736 546 792 est
559 733 689 794 hominis
703 735 879 809 praesertim
894 736 1040 811 occupati,
1061 756 1096 795 ex

198 823 293 882 thecis
316 822 489 900 longinquis
513 823 630 883 abditos
649 842 751 882 eruere
768 824 935 882 thesauros,
971 829 1099 883 tamen(

199 915 294 987 potui,
312 914 371 972 feci
394 932 449 971 nec
467 931 514 970 me
534 912 713 972 destiturum
737 913 877 989 spondeo,
897 915 925 972 si
949 915 1021 989 quid
1040 916 1098 974 fort

199 1020 270 1079 gare
285 1003 383 1076 liceat,
398 1001 475 1060 unde
490 1005 544 1060 aut
559 1003 596 1060 ad
607 1001 688 1060 Stati
697 1002 789 1060 verba
802 1003 988 1062 restituenda
1003 1006 1057 1062 aut
1070 1003 1098 1062 ai

199 1091 357 1150 historiam
377 1090 615 1150 constituendam
634 1091 753 1149 utilitas
771 1091 927 1150 redundet.
964 1111 1035 1151 nam
1054 1095 1098 1153 sic

199 1199 307 1239 munus
327 1182 369 1239 eis
389 1199 463 1256 quos
481 1182 618 1239 novimus
632 1180 719 1238 libris
734 1179 837 1255 perfici
851 1186 938 1257 posse
955 1182 1030 1241 mihi
1048 1201 1098 1258 pro

199 1272 267 1328 rato
282 1273 335 1342 est,
355 1272 399 1327 ita
414 1269 592 1329 adulteram
607 1272 725 1344 partem
741 1269 934 1346 officii‘spero
948 1270 1029 1330 haud
1047 1291 1098 1347 pet

200 1377 363 1433 accessura,
387 1359 496 1435 quibus
520 1378 595 1434 quae
615 1357 807 1419 coniecturae
829 1361 894 1420 loco
918 1379 1026 1436 ponere
1045 1382 1098 1420 nur

199 1467 275 1523 mur,
294 1450 346 1506 aut
366 1447 566 1508 demonstrare
586 1450 642 1507 aut
660 1448 802 1523 supplere
821 1450 918 1509 liceat.

497 1636 660 1704 oAPVr
683 1637 922 1705 ALTERVM

613 1744 648 1798 de
668 1744 757 1812 stirpe
776 1762 804 1798 ω
835 1805 855 1845 ι

265 1878 367 1919 eorum
381 1861 516 1920 codicum
531 1879 605 1936 quos
620 1859 839 1935 descripsimus,
857 1861 976 1919 nullum
996 1882 1031 1920 ex
1046 1863 1098 1922 alte

196 1952 412 2025 transcriptum
431 1953 545 2009 certum
570 1951 623 2009 est.
660 1968 714 2007 neo
737 1951 836 2008 minus
856 1969 958 2009 omnes
980 1969 1030 2010 eos
1049 1950 1098 2011 cod

196 2058 257 2097 una
271 2042 363 2116 stirpe
379 2059 441 2100 esse
456 2043 627 2115 procreatos
641 2041 673 2096 in
688 2038 848 2115 propatulo
862 2041 915 2098 est.
935 2043 1098 2100 eonsentim

196 2148 256 2187 non
276 2129 373 2187 solum
392 2131 423 2187 in
443 2129 557 2188 mendis
576 2130 681 2205 paucis
700 2127 828 2202 quidem,
847 2130 874 2187 si
892 2129 989 2203 operis
1010 2130 1098 2190 ambit

198 2219 337 2293 spexeris
357 2219 407 2277 sed
426 2219 539 2278 talibus
554 2219 658 2293 quales
677 2236 736 2276 non
752 2236 787 2273 ex
805 2236 866 2275 una
881 2218 1020 2294 editione,
1040 2219 1093 2279 sed

196 2308 274 2366 libro
288 2307 416 2384 pendere
430 2309 624 2367 manifestum
643 2309 690 2365 sit.
719 2325 790 2364 nem
809 2307 1012 2382 compluribus
1031 2309 1098 2369 locis

198 2397 264 2456 aliis
290 2399 466 2473 corruptelis
489 2417 549 2456 non
568 2396 675 2470 dicam,
695 2395 820 2454 lacunae
840 2399 944 2455 extant
962 2396 1070 2457 damno
1090 2418 1098 2459 ε

197 2487 290 2545 allato
310 2487 431 2545 effectae
451 2507 505 2547 nec
523 2489 627 2544 tamen
642 2486 802 2560 quicquam
818 2485 986 2561 antiquitus
1005 2487 1098 2548 tradit

196 2577 308 2650 bemus,
331 2576 390 2634 nisi
414 2596 479 2635 eam
502 2577 663 2634 lectionem
682 2592 772 2651 quam
796 2593 850 2634 nos
869 2576 901 2632 in
921 2576 1098 2637 codicibus]

197 2668 250 2723 aut
268 2665 365 2740 ipsam
384 2669 437 2724 aut
456 2666 665 2725 adulteratam.

264 2773 367 2814 versus
386 2758 465 2814 certe
478 2757 595 2832 integer
607 2753 698 2828 periit
712 2755 782 2829 post
796 2753 886 2812 Theb.
904 2757 932 2826 9,
949 2756 1012 2813 759
1028 2774 1088 2830 quo

197 2846 277 2902 recte
296 2843 443 2903 iudicavit
462 2835 608 2924 Weber.¹)
645 2862 716 2901 nam
740 2862 828 2917 quem
846 2861 966 2902 versum
984 2844 1098 2905 recenti

196 2934 290 2991 brarii
303 2934 558 3010 interposuerunt,
571 2953 636 2992 eum
650 2931 757 2991 merito
770 2935 976 3007 expunxerunt
986 2934 1098 2994 editors

198 3042 268 3082 vero
284 3021 446 3081 Garrodius
465 3022 549 3081 hiare
569 3024 733 3081 orationem
753 3040 813 3080 non
828 3023 972 3100 agnoscit,
991 3024 1080 3099 plane

197 3113 317 3189 tellego.
346 3111 502 3170 dicendum
523 3116 568 3171 est
582 3113 660 3170 enim
677 3111 756 3187 quod
770 3111 878 3170 vulnus
893 3112 970 3170 alter
989 3133 1024 3172 ex
1038 3113 1098 3174 Aba

197 3203 354 3278 acceperit,
372 3201 402 3258 id
423 3200 503 3276 quod
522 3219 539 3267 ς
559 3203 638 3260 recte
653 3203 815 3260 senserunt.
840 3200 876 3258 de
894 3202 1018 3277 reliquis
1038 3205 1098 3264 auh

198 3309 283 3349 suurn
302 3292 435 3349 totorum
453 3292 569 3350 lacunis
588 3284 724 3348 dubitari
743 3307 829 3365 posse
848 3291 984 3349 concedo.

264 3380 361 3439 medio
380 3379 501 3439 veroin
519 3399 606 3439 versu
625 3380 693 3455 plus
712 3379 803 3438 semel
820 3379 928 3438 lacuna
947 3383 1056 3440 exstat:

290 3473 317 3543 1,
334 3471 394 3527 291
419 3469 548 3529 obtestor
566 3487 742 3529 mansurum
765 3472 791 3526 et
808 3470 999 3529 inrevocabile
1017 3488 1098 3531 cerci

198 3577 245 3618 ees
269 3577 370 3618 omnes
394 3559 534 3618 exhibent
557 3559 616 3618 nisi
640 3558 720 3633 qnod
743 3558 775 3614 in
798 3557 1012 3618 recentioribus
1036 3558 1098 3636 quil

266 3712 296 3776 1)
315 3709 351 3764 de
373 3709 448 3765 Stati
473 3710 568 3766 codice
592 3709 757 3768 Gassellano
782 3713 850 3764 1853
873 3727 900 3779 p.
921 3715 962 3765 20.
1004 3711 1039 3766 ci.
1063 3711 1098 3768 Hs

188 3783 275 3844 reos)
290 3797 322 3848 p.
339 3787 404 3837 361.
