2684 4317
219 386 282 451 146
579 385 610 441 P.
629 384 754 440 PAPINI
773 384 879 440 ΒΤΑΤΙ

216 555 294 614 tunc
318 571 377 637 ego
402 554 435 615 et
457 552 569 633 optata
590 550 726 626 vetitam
748 550 970 616 transmittere
993 550 1120 616 Lethen

215 662 325 724 puppe
349 639 431 703 dabo
455 638 681 722 placidumque
704 638 759 722 pia
781 639 899 705 tellure
921 661 1080 724 reponam

216 733 248 793 et
273 727 398 814 Stygiis
417 727 576 792 mandabo
601 727 688 794 deis'
735 727 895 793 mulcetur
918 727 1055 794 honoris

216 817 403 881 muneribus
427 817 612 901 tinguitque
636 837 744 903 genas,
767 816 842 882 dein
864 816 945 882 talia
968 817 1089 883 reddit:

216 907 286 971 ‘cur
309 906 370 971 tibi
391 905 535 970 versanti
557 926 677 988 manes,
700 926 861 990 aequaeve
881 906 1045 993 ,sacerdcq

215 996 319 1060 lectus
343 1017 403 1079 ego
427 994 565 1080 augurio
589 995 754 1078 tantisque
777 995 967 1079 potissimus
990 996 1126 1081 umbris,

217 1085 273 1169 qui
296 1089 432 1150 ventura
454 1082 591 1167 loquar?
614 1084 693 1148 satis
717 1088 766 1148 est
788 1084 976 1151 meminisse
999 1087 1153 1169 priorum.

215 1177 369 1238 nostrane
391 1171 558 1257 praeclari,
581 1172 709 1256 pudeat,
733 1171 882 1238 consulta
903 1177 1040 1259 nepotes

215 1263 372 1347 poscitis?
395 1261 498 1344 illum,
521 1261 614 1326 illum
638 1260 737 1326 sacris
760 1261 911 1327 adhibete
933 1262 1081 1348 nefastis,

217 1353 273 1435 qui
296 1351 382 1417 laete
406 1351 491 1415 fodit
513 1372 588 1415 ense
612 1354 747 1434 patrem,
770 1351 826 1434 qui
850 1355 953 1416 semet
975 1351 1010 1416 in
1035 1357 1124 1418 ortus

215 1442 312 1505 vertit
335 1445 368 1506 et
391 1440 542 1526 indignae
565 1440 686 1524 regerit
709 1461 767 1503 sua
789 1441 928 1524 pignora
950 1441 1057 1507 matri.

216 1535 248 1594 et
270 1551 356 1594 nunc
378 1530 433 1595 ille
457 1529 533 1593 dees
556 1527 793 1613 Furiarumque
817 1533 888 1593 atra
910 1529 1030 1617 fatigat

216 1619 353 1685 concilia
376 1623 408 1683 et
430 1622 560 1682 nostres
583 1623 678 1704 rogat
701 1617 779 1682 haec
802 1618 836 1682 in
860 1618 986 1702 proelia
1008 1641 1126 1685 manes.

214 1709 332 1792 quodsi
355 1707 435 1771 adeo
458 1707 566 1790 placui
590 1707 736 1771 deflenda
759 1707 793 1771 in
817 1711 965 1792 tempora
987 1713 1088 1795 vates,

215 1799 319 1862 dicam
343 1796 505 1881 equidem,
529 1817 593 1880 quo
617 1817 669 1860 me
684 1794 857 1879 Lachesis,
883 1818 948 1880 quc
972 1801 1067 1863 torva
1088 1796 1170 1884 Meg·

214 1909 317 1971 usque
341 1886 464 1950 sinunt:
488 1883 619 1969 bellum,
642 1885 812 1949 innumero
836 1888 926 1950 venit
948 1886 1093 1972 undique
1113 1884 1170 1953 bel]

215 1975 352 2062 agmine,
375 1974 600 2057 Lernaeosque
623 1973 726 2038 trahit
748 1974 857 2038 fatalis
882 1976 1032 2040 alumnos

216 2063 373 2130 Gradivus
397 2063 551 2147 stimulis3
574 2063 635 2128 hos
658 2068 762 2128 terrae
785 2068 932 2128 monstra
956 2065 1113 2150 deumque

214 2154 280 2219 tela
302 2159 434 2217 manent
457 2151 650 2236 pulchrique
674 2152 782 2217 obitus
804 2157 837 2216 et
856 2152 896 2216 ab
915 2153 992 2239 igne
1011 2175 1160 2238 suprema

215 2248 323 2308 sontes
347 2243 419 2327 lege
443 2263 559 2305 morae.
607 2244 695 2306 certa
718 2247 767 2305 est
790 2243 927 2306 victoria
949 2240 1079 2326 Thebis,

215 2355 255 2396 ne
278 2331 414 2415 trepida,
437 2351 497 2395 nec
519 2352 619 2416 regna
642 2329 734 2394 ferox
758 2352 931 2415 germanus
954 2331 1095 2414 habebit,

215 2422 271 2485 sed
294 2420 409 2484 Furiae
434 2420 661 2504 geminumque
684 2419 784 2501 nefas,
807 2420 1007 2504 miserosque
1030 2443 1086 2505 per
1107 2420 1170 2486 ensi

287 2691 338 2739 622
359 2701 410 2755 ego
430 2685 459 2738 et
477 2684 628 2752 (respondet
651 2683 768 2739 alterum
787 2687 816 2738 ct
834 2702 857 2738 c.
875 2687 939 2752 624)
953 2690 1021 2740 Pus:
1041 2701 1092 2755 ego
1110 2688 1140 2739 te
1157 2702 1170 2745 ς

215 2764 296 2829 egoc
333 2756 595 2823 letheP(cs.1,334)
642 2760 693 2808 623
704 2754 934 2824 platidumquea
980 2761 1032 2811 624
1046 2756 1170 2810 honoret

216 2835 267 2882 626
281 2827 437 2882 Funeribus
452 2825 653 2938 ‘imiimi‘
702 2827 788 2881 dehin
803 2834 819 2881 6
835 2829 883 2895 (aa
898 2826 1044 2897 dehinc?):
1065 2827 1130 2882 deii
1142 2828 1170 2897 (t

517 2910 538 2938 ss
572 2910 599 2938 us

214 2953 321 3020 inde)v
371 2957 422 3005 627
437 2949 644 3019 petentibusv¹
699 2951 860 3020 62810quar
870 2969 909 3005 ωε
927 2957 1002 3006 -οτΡ
1047 2950 1170 3065 miili.

214 3077 370 3132 miminisse
389 3080 417 3131 Λ
487 3080 538 3129 629
553 3076 683 3147 ρῐθοξατὶ
698 3075 776 3146 (1)a:
796 3077 925 3145 praecari
940 3080 968 3131 Λ
1038 3081 1089 3131 630
1103 3075 1170 3131 illua

215 3184 327 3239 oillum
345 3188 369 3235 r
433 3182 567 3237 auersere
586 3199 620 3237 ex
638 3183 701 3237 au-
721 3183 755 3242 u1
818 3160 923 3237 nesius
942 3182 974 3237 α’
1062 3188 1112 3236 eei
1138 3196 1170 3237 e

268 3255 366 3309 hortus
395 3258 472 3308 BAb
573 3259 624 3308 634
652 3254 700 3308 hic
729 3272 745 3314 ς
777 3256 910 3321 Imhcfiua
990 3253 1170 3324 impruelisi

215 3332 267 3381 636
286 3326 382 3395 placui
401 3344 441 3380 w:
461 3325 576 3394 placuto
596 3326 648 3393 (cel
664 3325 778 3393 -uic)1’,
798 3327 870 3395 quod
892 3328 1111 3382 contaminatum
1128 3322 1170 3381 vid

215 3452 248 3489 ecc
265 3432 360 3503 placui
379 3440 404 3487 et
421 3432 529 3502 placcc,
549 3433 607 3486 aiei
622 3433 694 3498 senc
711 3431 818 3500 placito
832 3433 1006 3487 scriberdcm
1062 3399 1170 3487 dedendi

642 3515 657 3542 v

264 3560 396 3624 tempora
419 3574 453 3612 ex
475 3573 517 3611 -re
540 3557 575 3608 13¹
637 3556 718 3626 {ates
738 3555 772 3615 α’
854 3563 905 3610 636
925 3574 979 3625 quc
1000 3557 1064 3612 add.
1083 3554 1170 3614 b’ai

214 3632 386 3696 maegaral’
458 3632 510 3682 638
529 3627 599 3681 trait
611 3630 701 3681 Mb:
721 3628 813 3697 agitat
827 3629 1027 3684 Lachmunacc
1100 3633 1170 3684 6401

199 3717 306 3768 premo
325 3701 381 3754 ΒΔ
458 3703 510 3754 642
529 3697 589 3754 Nec
607 3703 659 3766 Βμ
732 3703 783 3752 643
803 3699 895 3754 furiae
912 3704 967 3754 Pur
987 3703 1031 3769 (sc.
1052 3698 1170 3772 repeat

191 3774 270 3831 bunt
287 3775 334 3830 cel
345 3774 437 3845 sim.):
456 3772 549 3829 furias
571 3771 757 3838 Koestiiuice,
770 3771 872 3825 Mettica
923 3771 1066 3825 miscuas(
1119 3788 1170 3828 ens
