2684 4317
193 373 262 441 464
554 374 586 429 Ρ.
604 374 728 430 ΡΑΡΙΝΙ
746 373 855 429 arnul

263 539 397 624 paulum
420 541 453 602 et
476 539 517 604 ab
541 537 674 602 insessis
696 542 839 602 maestae
861 537 1050 624 Pelopeides
1071 540 1115 603 ari

195 641 387 716 promovere
410 626 547 713 gradum
571 627 808 711 seriemqueet
832 628 918 692 dona
940 629 1091 712 triumphi

196 719 366 800 minianum,
387 716 530 799 victique
554 715 661 780 animo
685 715 808 780 rediere
832 717 951 782 mariti.

195 813 295 891 atque
318 806 373 870 ubi
397 805 537 870 tardavit
561 826 673 870 ourrus
696 809 729 869 et
752 805 792 870 ab
817 827 879 870 axe
902 806 1038 891 superbo

198 898 345 980 explorat
369 916 482 959 oausas
505 893 611 959 vietor
632 893 804 978 posuitque
827 894 971 982 benigna

198 1008 275 1051 aure
297 1005 418 1069 preces,
440 1005 520 1047 ausa
542 986 617 1047 ante
640 983 721 1047 olias
745 981 909 1067 Capaneia
932 985 1079 1050 coniunx:

200 1075 348 1159 ‘belliger
370 1071 503 1158 Aegide,
526 1071 653 1137 subitae
676 1071 729 1136 oui
751 1073 896 1138 maxima
918 1073 1022 1138 laudis

198 1164 321 1228 semina
345 1163 383 1226 de
406 1163 526 1226 nostris
550 1163 654 1244 aperit
676 1159 822 1226 Fortuna
844 1162 959 1246 ruinis,

198 1275 265 1318 non
288 1256 420 1316 externa
442 1271 554 1336 genus,
577 1249 665 1314 dirae
688 1271 747 1315 neo
770 1253 902 1318 oonsoia
924 1273 1026 1318 noxae

197 1342 294 1406 turba
317 1362 441 1404 sumus:
465 1339 579 1403 domus
602 1339 710 1424 Argos
734 1344 803 1404 erat
825 1362 983 1427 regesque
1005 1342 1111 1420 mariti,

197 1452 264 1495 non
286 1430 410 1494 utinam
434 1432 467 1492 et
489 1429 604 1493 fortesl
646 1429 726 1512 quid
748 1428 836 1493 enim
859 1434 993 1514 septena
1014 1450 1115 1494 mosen

198 1524 304 1584 eastra
327 1522 360 1582 et
381 1517 569 1602 Agenoreos
594 1540 675 1601 opus
699 1518 870 1584 emendare
894 1521 1045 1602 penates?

198 1630 256 1672 nee
281 1607 446 1692 querimur
466 1627 592 1674 oaesos:
614 1606 695 1671 haee
717 1606 835 1672 bellios
857 1608 930 1674 iura
952 1609 1092 1693 vicesque

196 1718 375 1779 armorum3
399 1696 543 1759 sednon
568 1694 686 1761 Siculis
709 1699 822 1761 exorta
846 1699 907 1774 sub
929 1698 1030 1763 antris

197 1790 344 1851 monstra
364 1805 425 1848 neo
448 1782 560 1849 Ossaei
583 1785 669 1850 bello
694 1785 837 1850 cecidere
861 1786 1060 1853 bimembres.

196 1877 292 1939 mitto
311 1895 413 1959 genus
429 1873 597 1957 clerosque
611 1878 733 1958 patres:
752 1876 935 1958 hominum,
949 1878 1065 1960 inelyte
1077 1874 1115 1938 rh

196 1964 329 2050 sanguis
348 1975 448 2045 erant,
467 1962 624 2048 homines,
643 1964 818 2048 eadamque
834 1965 871 2028 in
884 1965 997 2050 sidera,
1015 1965 1115 2030 eosden

198 2055 331 2118 sortitus
355 2052 536 2116 animarum
560 2053 776 2136 alimentaque
800 2057 910 2119 vestra
932 2055 1038 2139 creati,

197 2164 278 2226 quos
302 2145 390 2205 vetat
413 2140 488 2225 igne
512 2139 615 2206 Creon
642 2140 839 2227 Stygiaeque
863 2166 883 2208 a
904 2142 1016 2209 limine
1038 2144 1115 2227 porta

195 2254 256 2297 eeu
280 2234 368 2295 sator
390 2230 608 2294 Eumenidum
633 2235 689 2295 aut
711 2230 846 2296 Lethaei
870 2234 1010 2316 portitor
1032 2230 1115 2297 amnis

197 2320 367 2384 submovet
390 2341 427 2383 ae
451 2319 550 2382 dubio
575 2319 720 2403 caelique
743 2320 908 2406 Erebique
932 2323 991 2386 sub
1015 2344 1070 2386 axe

195 2411 326 2474 detinet.
359 2408 422 2472 heu
441 2408 591 2491 princeps
610 2408 748 2473 Natural
767 2410 825 2474 ubi
843 2411 987 2494 numina,
1010 2411 1062 2475 ubi
1080 2411 1115 2473 iu

195 2498 343 2563 fulminis
366 2498 479 2561 iniusti
503 2497 683 2562 iaculator?
714 2499 771 2563 ubi
794 2500 883 2583 estis,
907 2500 1073 2565 Athenae?

269 2714 320 2764 540
343 2687 442 2763 inseiis
462 2707 497 2760 1²:
527 2708 742 2776 151555155μνι
825 2716 877 2765 543
900 2712 951 2765 ubi
973 2732 1014 2767 os:
1040 2714 1115 2766 ibil'l

195 2788 249 2836 544
272 2780 396 2851 benigna
418 2782 493 2833 Aure
511 2785 578 2834 ros:
608 2798 656 2834 -no
680 2798 727 2834 ore
749 2783 892 2849 Baehrens
910 2785 980 2838 orale
1059 2789 1100 2838 515

195 2865 258 2941 nei⁸
276 2889 300 2941 1ι
364 2893 415 2942 546
435 2887 594 2957 aegidem:
615 2889 716 2941 -desl’
768 2889 862 2943 laudis
881 2908 922 2945 ωε
943 2892 1043 2946 -desP
1088 2893 1114 2942 54

195 2995 274 3049 mina
291 3001 357 3050 Pro:
386 2995 485 3048 limina
503 2996 636 3062 Imbofius
698 2996 868 3050 monstrisc
951 3004 1003 3052 549
1022 2974 1104 3062 domis

193 3135 278 3189 argos
294 3139 337 3211 gi:
366 3127 449 3174 -usP
522 3124 574 3173 550
592 3136 702 3174 movere
722 3138 762 3174 ωε
783 3122 889 3177 moveri
902 3128 927 3191 ¹1’
1000 3130 1048 3178 551
1062 3072 1115 3177 eiii

194 3244 230 3298 1²:
252 3222 401 3298 emindare
415 3263 441 3298 r:
463 3245 614 3298 amandare
631 3246 767 3299 Heinsius
831 3196 948 3316 qiddboddi
962 3248 996 3304 ν’
1055 3251 1115 3300 5521

195 3349 283 3402 rimur
300 3351 335 3404 1³¹
423 3357 474 3404 554
495 3352 621 3404 5555515
709 3357 760 3411 555
783 3329 936 3422 g⁰larosque
953 3356 987 3408 1³¹
1051 3353 1115 3408 those

194 3420 274 3474 these
302 3427 343 3474 Η
434 3427 485 3475 555
514 3422 657 3493 Sanguine
685 3429 699 3474 1
785 3428 867 3479 erant
889 3431 955 3481 Pro:
984 3427 1044 3482 erat
1066 3423 1115 3480 551

194 3508 290 3546 omnes
319 3493 353 3547 ν1
379 3492 405 3562 (t
418 3494 545 3547 homines
569 3494 692 3565 v'mg.):
730 3495 820 3548 omnis
848 3502 865 3549 b
955 3502 1008 3552 558
1037 3495 1103 3549 vetat

193 3561 413 3635 tingat1³¹m9.
434 3566 505 3633 quod
519 3568 622 3634 probat
642 3567 769 3631 Oweous3
796 3570 875 3622 vetat
897 3570 1063 3638 interpretor:
1086 3566 1115 3618 od

192 3641 270 3690 arcet
324 3635 487 3689 eliminec
559 3642 611 3690 559
630 3636 697 3691 letei
712 3643 856 3748 {Moto
874 3640 957 3693 haob
1011 3633 1115 3701 haeribiq

763 3720 776 3748 0

244 3771 300 3822 561
321 3764 404 3822 illest
421 3770 459 3819 P:
476 3762 529 3817 ille
548 3780 575 3816 o>
648 3766 703 3813 bb‘t
716 3760 847 3811 inlusus
897 3765 1046 3816 55555555
