2684 4317
196 396 244 450 LX
508 394 678 450 EDITORIS
696 394 902 451 PRAEFATIO

196 563 281 623 abest
305 564 341 623 ab
371 565 500 624 insulari
528 565 690 641 scriptura,
713 583 747 623 eo
773 564 869 642 magis
893 566 1022 643 vestigia
1045 585 1085 626 cei

196 653 398 729 compluribus
422 657 523 713 autem
546 653 632 714 libris
658 654 836 713 intermissis
865 674 900 714 ea
931 654 1057 714 diminui
1081 676 1085 684 “

197 742 289 801 deleri
308 747 539 802 consentaneum
563 746 616 802 est.
654 744 704 802 sed
723 744 783 802 iam
808 763 994 803 communem
1016 764 1085 805 eoru

196 851 264 890 curn
283 833 397 892 fontem
416 855 444 891 ω
464 831 567 891 eadem
586 835 735 910 scriptura
757 835 911 892 exaratum
928 835 1023 894 fuisse
1042 853 1085 894 cor

196 924 255 980 tur.
292 941 362 980 nam
380 941 435 998 pro
455 941 489 981 eo
509 922 589 998 quod
610 925 638 997 1,
653 925 718 981 474
736 924 769 981 16
787 927 814 981 P
832 925 912 982 recte
931 924 1045 1002 legitur
1057 943 1085 999 p.

190 1015 260 1084 post
278 1010 475 1070 substitutum
495 1015 547 1071 est.
585 1031 662 1088 quae
681 1011 840 1071 diversitas
859 1014 976 1090 egregie
994 1013 1049 1073 illo
1067 1032 1085 1074 s

197 1119 304 1178 genere
319 1101 492 1176 explicatur.
530 1101 676 1161 accedunt
691 1102 768 1160 aliae
781 1101 950 1161 litterarum
966 1121 1085 1162 commu

197 1209 273 1264 quae
292 1190 395 1249 codem
414 1191 579 1265 pertinent:
600 1192 629 1265 3,
649 1192 713 1249 426
733 1208 825 1249 66666
844 1196 884 1249 P:
903 1195 1002 1251 corios
1021 1216 1057 1254 ω.

195 1280 344 1339 Flamina
357 1285 396 1338 P:
415 1280 564 1339 Flumina
583 1303 619 1338 ω.
658 1283 688 1353 4,
705 1282 767 1339 289
787 1280 869 1339 ditor
887 1285 927 1339 P:
946 1281 1034 1341 cliton
1053 1304 1085 1341 oa

196 1370 340 1427 lacessant
358 1374 398 1427 P:
421 1370 568 1428 lacessunt
585 1393 622 1427 ω.
670 1371 699 1443 6,
720 1370 782 1428 536
803 1374 938 1428 rotantur
956 1375 995 1430 P:
1019 1375 1085 1431 6666

198 1459 226 1533 6,
243 1459 305 1516 669
327 1476 362 1517 66
375 1460 437 1517 oisc
451 1463 490 1517 P:
509 1460 646 1518 66166666
662 1450 782 1540 (awa)
797 1481 834 1517 ω.
869 1463 898 1533 6,
913 1461 976 1518 827
992 1479 1084 1534 arpen

195 1549 359 1621 ingentibus
374 1570 410 1606 ω.
458 1550 487 1622 8,
503 1549 564 1607 371
585 1551 713 1622 ripetP:
730 1551 802 1608 uitet
815 1572 851 1607 ω.
899 1550 928 1623 8,
944 1551 1009 1608 570
1028 1551 1085 1610 Pri

195 1637 332 1695 Primam
346 1659 382 1695 ω.
431 1640 459 1711 9,
475 1639 538 1696 876
553 1640 751 1711 patebuntP:
764 1640 957 1711 pateboutm.
1007 1641 1085 1714 10‚l

195 1744 263 1785 com
282 1731 385 1785 PBc:
404 1727 519 1785 166666(
538 1751 575 1785 ω.
622 1727 762 1804 quoniam
782 1729 876 1804 igitur
894 1733 920 1786 P
940 1747 1060 1804 quoque
1079 1748 1085 1788 r

197 1815 323 1874 insulari
337 1815 550 1874 descendat-
561 1816 592 1874 id
608 1817 687 1892 quod
703 1818 772 1875 ante
787 1817 1055 1877 demonstravimus
1063 1811 1085 1897 ¹]

196 1924 286 1980 quam
301 1907 405 1982 augeri
418 1908 518 1982 potest
535 1906 582 1965 vis
597 1909 841 1984 argumentorum
858 1940 909 1981 -‚
925 1908 1066 1984 quioquid
1081 1933 1085 1964 (

196 1994 357 2053 Thebaidis
377 1998 524 2070 superest,
544 2015 562 2053 a
581 1996 696 2055 duobus
716 1996 933 2072 exemplaribus
952 1998 1071 2073 pendet,

195 2103 288 2141 unum
310 2083 423 2142 Iuliani
446 2085 600 2144 cuiusdam
623 2107 651 2144 v.
666 2104 690 2144 c.
715 2085 782 2159 fuit,
806 2085 935 2144 alterum
959 2106 1085 2147 commui

197 2173 331 2232 codicum
351 2197 389 2231 ω.
435 2194 469 2232 ex
488 2177 617 2250 utroque
635 2174 810 2252 transcripti
834 2177 904 2234 sunt
922 2176 1049 2234 insulari
1067 2194 1085 2236 s

195 2262 307 2340 singuli
327 2264 451 2337 codices,
470 2264 548 2321 unde
567 2264 698 2340 pendent
716 2267 747 2322 et
764 2270 790 2323 P
810 2267 841 2322 et
859 2266 950 2323 ceteri
969 2266 1047 2324 libri.

500 2489 659 2555 CAPVT
683 2489 907 2555 TERTIVM

418 2612 490 2664 6666
509 2596 583 2649 ratio
602 2595 762 2650 intercedat
780 2595 854 2650 inter
872 2602 892 2648 Ρ
911 2599 940 2649 66
958 2616 994 2650 m.

262 2728 355 2786 vicini
373 2732 531 2805 utriusque
546 2728 680 2789 familiae
698 2729 805 2804 proavi
823 2730 951 2787 fuerunt.
984 2730 1063 2788 unde
1081 2749 1085 2789 l

194 2835 310 2891 ramur,
335 2818 412 2877 inter
436 2837 485 2878 eas
509 2818 600 2878 fuisse
625 2818 775 2894 quoddam
799 2819 1017 2877 commercium.
1059 2838 1085 2877 6(

196 2905 284 2965 aliter
303 2909 475 2983 explicatur,
495 2908 573 2982 quod
593 2909 624 2966 et
638 2907 737 2965 nullus
752 2907 893 2984 vulgatae
913 2907 1004 2967 codex
1023 2927 1082 2967 non

194 2996 259 3054 illic
278 3014 344 3054 cum
358 3002 384 3055 P
404 2999 508 3056 contra
527 2999 670 3074 cognatos
690 3014 759 3055 suos
774 2997 925 3072 conspirat
945 2999 975 3056 ct
993 2997 1085 3073 ipss]

195 3085 268 3160 gata
287 3086 445 3145 nonnullas
459 3087 602 3145 lectiones
617 3087 741 3161 accepit.
775 3085 849 3143 illud
870 3085 948 3160 quod
964 3091 1033 3145 ante
1052 3104 1085 3163 pa

196 3166 334 3249 dicavi'),
353 3175 414 3233 iam
429 3176 571 3252 exemplis
585 3174 814 3248 illustrabimus‚
833 3177 868 3232 ut
882 3178 1027 3250 appareat
1045 3196 1085 3253 66

195 3263 244 3322 hic
261 3263 325 3322 illic
344 3265 510 3336 similitudo
524 3265 573 3325 vel
586 3264 619 3324 in
632 3265 764 3324 minimis
779 3264 874 3323 rebus
908 3265 991 3324 cuius
1007 3264 1085 3325 simil

195 3355 323 3432 vestigia
342 3355 373 3412 in
397 3357 439 3414 eis
458 3354 600 3413 nimirum
623 3354 775 3413 codicibus
793 3355 961 3432 largissime
980 3357 1085 3430 patent

195 3442 254 3517 ipsi
278 3443 506 3521 diligentissime
533 3445 638 3519 scripti
661 3446 732 3502 sunt
755 3446 786 3501 66
808 3463 867 3503 666
891 3446 980 3503 nimis
1003 3445 1085 3507 mult*

194 3531 371 3592 intermissis
384 3534 422 3591 ad
433 3552 618 3592 communem
631 3535 778 3610 originem
788 3534 960 3594 ascendunt.
976 3555 1036 3611 quo
1048 3537 1080 3595 in

257 3720 287 3787 1)
303 3719 408 3776 Plrilol.
426 3726 458 3775 61
476 3724 569 3794 (1904)
587 3739 617 3793 p.
631 3725 733 3790 15866.

247 3792 276 3860 2)
293 3790 420 3851 Hermes
437 3801 473 3851 40
488 3798 586 3870 (1905)
605 3813 635 3868 p.
648 3799 714 3850 tt‘l.
