2684 4317
445 417 612 473 EDITORIS
631 416 837 473 PRAEFATIO
1049 416 1150 471 LXVII

160 584 214 642 Po.
245 587 291 647 his
310 587 411 664 igitur
424 587 496 645 loeis
515 606 583 646 eum
596 589 636 645 1³⁰
655 588 822 646 consentiat
834 589 879 645 ita
894 607 961 646 oum
975 612 1012 661 ω,
1032 590 1068 645 ut
1082 605 1149 645 oon-

158 668 241 736 betura
262 677 328 736 eius
354 676 445 735 lectio
467 679 585 752 reperta
610 693 673 735 esse
699 678 840 751 nequeat,
868 680 907 735 Pc
933 676 1034 752 aliquo
1060 675 1149 735 modo

156 761 182 820 ab
195 788 217 822 e
232 766 365 842 pendere
389 766 585 842 cognoscitur.
624 765 739 823 secedit
763 766 843 840 quod
861 767 900 824 Ρο
924 765 1038 824 scholia
1056 765 1151 840 novit,

155 868 208 927 quae
224 875 241 913 a
258 854 373 915 oodiois
392 854 505 912 Iuliani
522 853 615 930 stirpe
634 854 734 912 aliena
752 860 829 913 sunt.
866 855 923 913 hoo
942 854 1013 913 lieet
1033 854 1150 912 conclu·

152 937 202 1001 tere
217 963 249 1002 ex
264 947 294 1019 6,
312 947 330 1004 7
346 944 578 1017 Medeonque
591 945 658 1016 sero
671 945 781 1002 cratem
795 945 912 1003 detersit
925 945 1011 1017 olivo,
1026 943 1079 1001 ubi
1092 945 1150 1017 ser-

151 1046 211 1090 m
226 1052 317 1110 supra
337 1050 443 1092 voeem
461 1033 527 1105 fero
545 1033 703 1092 adnotavit
720 1034 767 1090 P0.
801 1032 989 1092 eoousetivus
1008 1051 1061 1091 our
1079 1033 1150 1092 sori-

149 1122 202 1195 ptus
221 1123 271 1198 sit,
293 1124 428 1198 apparet
456 1141 489 1178 ex
508 1131 538 1180 Σ
552 1139 712 1195 possumus
738 1126 764 1180 et
790 1123 886 1193 seram
903 1140 961 1195 pro
988 1124 1082 1194 sunni
1105 1123 1149 1179 io-

149 1208 259 1284 telleneo.

200 1301 245 1360 sed
261 1295 348 1360 haud
366 1318 438 1358 raro
457 1299 548 1359 etiam
566 1302 665 1358 textus
680 1293 718 1358 P¹
740 1319 808 1358 oum
822 1324 849 1358 ω
870 1301 1017 1377 congruit,
1036 1301 1075 1357 1³⁰
1092 1317 1150 1357 ser-

150 1391 215 1447 ravit
226 1392 390 1469 genuinam
405 1389 564 1448 lectionem
579 1392 632 1448 aut
645 1380 686 1447 Pl
701 1389 932 1465 suprascripsit,
949 1388 1027 1463 quod
1047 1388 1119 1464 quin
1135 1406 1150 1446 e

150 1511 349 1575 eneruem
360 1516 494 1590 petitum
505 1515 553 1588 sit,
565 1514 671 1589 neque
683 1513 822 1572 subitae.
839 1514 875 1572 cf.
891 1517 919 1587 1,
929 1516 969 1573 es
980 1483 1089 1587 Piliae
1097 1506 1150 1571 1³1:

150 1597 233 1662 Noni
244 1629 270 1663 ω
289 1623 351 1682 qno
370 1605 440 1663 loeo
459 1622 641 1679 quamquam
660 1602 788 1662 editores
807 1621 908 1662 omnes
922 1603 1026 1676 pulsat
1043 1601 1150 1677 proba-

151 1697 247 1767 runt,
267 1698 374 1754 tamen
397 1693 456 1752 hoo
478 1691 602 1750 verbum
625 1692 664 1749 ad
687 1711 790 1751 voeem
812 1692 906 1751 sotum
925 1724 961 1731 —
984 1711 1091 1767 nempe
1114 1690 1150 1749 de

153 1779 211 1838 oeli
226 1783 286 1842 solo
305 1782 518 1858 accipiendum
531 1813 575 1822 —
589 1781 712 1840 minime
731 1781 867 1855 quadrat.
898 1782 990 1840 immo
1009 1781 1065 1839 hao
1079 1798 1150 1838 vooe

129 1898 130 1907 ¹
153 1884 283 1946 perperam
309 1872 347 1930 de
371 1875 455 1930 terra
482 1875 604 1947 aooepta
628 1871 734 1944 pulsat
764 1870 882 1992 videtur
907 1871 1053 1945 seriptum
1079 1887 1151 1943 esse,

871 1965 881 1992 e

154 2026 203 2070 vm
222 2015 327 2076 tortior
348 2013 436 2074 notio
460 2012 686 2071 desideraretur.
727 2017 755 2086 1,
771 2014 835 2071 234
858 2014 1011 2072 temnitur
1034 2013 1087 2070 1³⁰:
1106 2014 1151 2070 in·

154 2104 248 2162 nero
261 2127 288 2164 ω
309 2123 369 2181 quo
389 2104 458 2162 loco
478 2102 550 2160 item
569 2101 712 2161 dissentio
732 2120 750 2159 a
769 2103 875 2161 oeteris
895 2101 1066 2174 editoribus,
1086 2101 1150 2176 qui·

155 2182 284 2252 bileeuo
298 2217 327 2252 ω
340 2193 469 2269 plaeuit.
505 2195 533 2266 1,
548 2193 612 2250 264
626 2194 745 2265 fumaret
757 2184 810 2249 1³¹:
829 2193 927 2264 fumat
940 2214 975 2249 ω.
1008 2191 1058 2248 hio
1071 2193 1151 2248 reete

156 2272 240 2340 liner
253 2284 404 2359 pluralem
424 2281 547 2356 recepit,
566 2299 625 2356 quo
645 2281 760 2339 Statius
779 2280 824 2338 uti
843 2281 920 2338 solet
939 2280 1054 2339 duobus
1074 2278 1151 2336 noti-

158 2366 237 2430 (tibns
256 2371 384 2432 subiecti
409 2368 610 2446 sequentibus.
649 2372 679 2444 4,
700 2370 762 2429 655
787 2371 884 2429 icaria
908 2362 1063 2445 wleg.:
1086 2369 1150 2427 uoi-

158 2452 203 2523 iffn
217 2454 258 2521 1³¹.
306 2463 431 2534 uvifera
454 2477 637 2535 quamquam
659 2459 693 2517 in
716 2459 815 2518 codice
838 2458 950 2516 Iuliani
973 2457 1064 2516 fuisse
1088 2456 1151 2515 veri

159 2541 229 2608 ’nilo
244 2556 295 2625 est,
314 2554 422 2610 tamen
441 2548 500 2607 nisi
515 2548 581 2624 quis
600 2567 689 2607 caeca
704 2547 731 2605 ei
745 2567 776 2607 se
792 2548 990 2607 admiratione
1011 2545 1151 2621 adplicat,

159 2626 213 2695 bns
226 2640 383 2701 lectionem
401 2636 531 2714 probare
555 2638 666 2714 nequit.
707 2639 735 2710 5,
752 2638 816 2696 230
839 2638 945 2710 inperii
966 2629 1006 2695 P1
1016 2654 1088 2710 mg.:
1107 2636 1151 2692 tre·

160 2759 293 2825 ηᾶΡῑω.
343 2768 398 2838 12,
415 2764 480 2822 378
498 2731 580 2836 reptet
598 2755 652 2821 Pl:
670 2763 748 2836 repis
766 2784 803 2820 ω.
851 2734 908 2835 quo
927 2762 993 2820 loeo
1013 2778 1079 2817 cum
1099 2759 1151 2816 eli·

161 2850 255 2920 ludum
272 2857 314 2915 sit
337 2854 439 2927 altera
458 2870 493 2910 ex
512 2850 689 2910 leotionibus
708 2852 789 2924 repta
812 2853 843 2908 et
860 2851 936 2923 repis
954 2882 999 2891 -
1018 2867 1088 2906 nam
1107 2868 1151 2906 er-

162 2939 211 2999 luis
221 2944 346 3021 suspicio
363 2942 451 3001 abest
460 2973 504 2982 —
505 2960 578 3018 ,ego
592 2943 675 3015 repta
689 2959 756 2999 enm
771 2939 838 2997 aliis
853 2938 996 2998 decausis
1010 2937 1151 3014 praetuli,

162 3022 203 3086 h
219 3034 293 3108 qnod
317 3031 478 3092 elisione
469 3050 502 3088 m
524 3029 582 3090 fine
601 3048 704 3090 versus
726 3030 787 3088 fact
776 3034 809 3087 ta
828 3027 943 3086 Statius
963 3028 1151 3085 enuntiatum

136 3192 138 3197 ¹
209 3121 295 3182 uari
313 3125 371 3181 aut
389 3119 571 3195 interrumpi
593 3119 725 3178 indicare
744 3118 828 3177 solet.
865 3117 897 3175 id
915 3116 995 3192 quod
1013 3117 1068 3174 hoo
1087 3116 1151 3174 loeo

129 3266 132 3287 ,
197 3207 202 3217 ’
228 3210 232 3221 ’
264 3232 318 3271 nm
335 3214 391 3271 est.
421 3209 652 3285 interrumpitur
666 3210 746 3267 enim
764 3225 860 3266 sermo
875 3205 987 3283 Argiae
1006 3205 1151 3263 exclama-

128 3288 178 3362 ‚'
230 3299 664 3372 cemoenmnqooaoest?
712 3288 1154 3370 12,5aeeolar¹.fopat

128 3376 131 3383 '
192 3403 235 3467 ng
267 3393 318 3466 12,
330 3391 397 3450 roe
418 3389 531 3448 enteca
550 3391 703 3447 onear·
722 3389 754 3445 at
771 3388 871 3443 colea
886 3404 922 3440 ω
956 3403 1016 3459 quo
1036 3383 1152 3440 ‹101000

298 3484 303 3494 '
321 3478 508 3540 sententiam
523 3493 638 3552 sequor,
658 3477 711 3552 qui
724 3475 860 3533 interea
852 3493 884 3530 1n
900 3475 1017 3530 textum
1030 3471 1151 3546 recepit

128 3619 139 3645 ,Ι
168 3572 337 3681 ιειειιηήειή
351 3571 459 3627 antem
474 3565 585 3626 uodiois
598 3572 624 3625 P
643 3564 749 3641 procul
764 3562 854 3620 dubio
869 3562 943 3619 haeo
957 3562 1045 3619 fuit
1037 3578 1151 3634 mrago:

129 3784 131 3788 .
190 3656 295 3771 οἳ
286 3715 351 3774 iam
375 3729 451 3771 vero
472 3727 538 3768 enm
559 3709 661 3788 glossa
690 3709 739 3773 vel
764 3710 855 3774 varia
875 3708 972 3772 leutio
1004 3727 1079 3770 eum
1099 3705 1174 3784 ipso

159 3786 227 3855 *Uir
239 3799 410 3860 vocabulo
395 3817 428 3855 rn
444 3799 683 3867 transmittendis
701 3806 868 3872 codicibus
879 3806 973 3870 haud
984 3823 1064 3868 raro
1079 3802 1198 3862 losum

992 3913 1030 3970 e·
