2684 4317
275 392 343 457 430
636 392 666 447 P.
685 391 808 448 PAPINI
825 391 943 448 ecam

342 557 387 621 ite
410 562 516 621 truces
540 557 665 621 animee
688 556 879 640 frmesteque
903 555 1045 623 Tartara
1067 558 1132 624 leto

275 645 413 731 polluite
436 649 469 710 et
491 650 624 710 cunctas
647 645 747 711 Erebi
770 647 952 712 consumite
975 649 1112 731 poenas!

275 756 398 820 vosque
420 734 514 800 malis
537 734 714 817 hominum,
739 733 880 822 Stygiae,
903 737 972 800 iam
997 739 1130 820 percite,
1151 736 1217 799 diva

277 824 427 889 omnibus
450 825 485 889 in
507 824 602 889 terris
626 824 731 889 scelus
753 824 815 888 hoc
838 824 996 910 omnique
1020 826 1081 890 sub
1104 847 1179 891 aevo

276 913 393 978 viderit
414 936 479 978 une
503 914 579 995 dies,
602 917 846 997 monstrumque
869 914 995 980 infame
1018 915 1136 980 futuris

276 1003 413 1082 excidat,
436 1007 468 1067 et
492 1001 553 1068 soli
576 1006 755 1068 memorent
776 1002 855 1067 haec
877 1003 1008 1086 proelia
1030 1025 1131 1090 reges.

343 1096 376 1155 et
400 1092 528 1178 genitor
551 1090 679 1156 sceleris
703 1095 856 1176 conperto
875 1092 946 1157 tine
969 1092 1140 1178 profundis

276 1182 384 1265 erupit
406 1181 557 1263 tenebris,
580 1202 738 1265 saevoque
760 1182 795 1247 in
818 1182 931 1246 limine
956 1182 1084 1266 profert

159 1282 161 1285 ’
276 1274 412 1335 mortem
435 1270 657 1354 inperfectum:
682 1271 782 1335 veteri
806 1275 870 1335 stat
892 1271 1027 1336 sordide
1047 1270 1125 1334 tubo

275 1362 412 1442 utraque
435 1360 578 1441 canities,
602 1363 634 1424 et
657 1359 756 1424 durus
780 1361 937 1446 sanguine
962 1361 1062 1426 crinis

276 1449 414 1512 obnubit
434 1449 551 1513 furiale
574 1451 686 1534 caput3
709 1450 823 1532 procul
846 1471 903 1514 ore
926 1470 1094 1535 genaeque

275 1538 363 1602 intus
387 1542 420 1600 et
443 1538 577 1602 effossae
600 1538 749 1621 squalent
769 1539 907 1624 vestigia
930 1538 1022 1604 lucis.

275 1628 367 1710 virgo
392 1632 499 1692 autem
522 1627 684 1710 inpositae
707 1631 867 1692 sustentet
889 1628 1034 1711 pondere
1058 1629 1170 1710 laevae,

276 1715 386 1780 dextra
409 1716 499 1780 sedet
522 1715 646 1780 baculo.
693 1715 799 1800 qualis
823 1718 850 1781 si
873 1739 983 1801 puppe
1006 1717 1122 1781 relicte

275 1826 391 1869 exosus
415 1826 525 1869 menes
548 1805 634 1891 pigri
658 1807 799 1870 sulcator
821 1805 943 1870 Averni

275 1897 367 1958 exeat
390 1895 429 1959 ad
454 1916 588 1979 superos
613 1893 777 1978 solemque
801 1899 833 1958 et
856 1894 980 1978 pallida
1003 1896 1113 1960 turbet

274 1986 371 2066 astra,
393 2005 453 2048 nec
477 1985 545 2067 ipse
569 1983 625 2048 diu
647 1983 743 2049 fortis
766 1984 958 2068 patiensque
982 1986 1115 2068 superni

275 2074 370 2150 aeris3
394 2073 516 2137 interea
539 2073 673 2158 longum
698 2079 841 2138 cessante
864 2074 1025 2160 magistro

275 2167 395 2227 crescat
419 2184 509 2245 opuq
533 2163 674 2245 totisque
699 2165 869 2246 expectent
892 2163 1021 2227 saecule
1044 2163 1136 2247 ripis:

274 2249 349 2314 telis
373 2252 434 2315 init
458 2272 616 2335 campum,
640 2251 814 2336 comitique
838 2254 982 2316 extreme
1005 2253 1142 2338 gementi

275 2339 358 2402 ‘due'
384 2341 438 2422 eit,
463 2341 514 2404 ‘ad
537 2344 630 2404 natos
654 2345 842 2424 patremque
866 2342 1060 2424 recentibus,
1083 2363 1145 2422 oro,

274 2428 356 2492 inice
379 2430 571 2493 frmeribusl'
620 2433 790 2494 cunctatur
813 2431 920 2494 nescie
944 2430 1049 2517 virgo,

346 2574 397 2622 589
418 2569 505 2624 Prisc.
531 2569 576 2623 GL
594 2569 620 2621 Il
635 2574 697 2638 839,
712 2576 745 2624 93
773 2574 896 2639 (propter
918 2571 1074 2626 ablativum
1096 2567 1184 2636 veteri)

273 2640 303 2692 in
322 2640 371 2693 XI:
391 2641 479 2694 veteri
499 2683 549 2695 ...
570 2640 688 2694 canities

337 2727 396 2818 ..575
425 2727 522 2820 herebi
549 2771 565 2818 b
653 2770 703 2818 581
734 2766 835 2834 Erupit
862 2773 894 2819 P:
924 2767 1038 2836 Erepsit
1066 2786 1093 2822 ω
1150 2779 1191 2818 cee

273 2873 407 2928 Schrader
460 2872 489 2925 in
509 2879 541 2926 P:
566 2890 628 2927 eo)
706 2851 893 2927 5893551·ίίι
952 2874 1017 2928 fitr
1095 2849 1144 2927 583
1164 2869 1191 2924 Ul

272 2950 325 2998 Por
345 2946 433 2999 Prisc.
453 2947 492 3014 (et
511 2944 613 3012 cepitis
631 2947 659 2998 et
684 2944 790 2999 barbae
815 2952 883 3000 recte
908 2947 959 3014 Σ)ε
986 2946 1118 3015 hirtaque
1143 2943 1191 2998 Hei

273 3054 390 3119 atraque
404 3053 557 3106 Baehrens:
572 3054 703 3119 tetreque
717 3052 807 3110 Slater
858 3052 944 3106 durus
959 3070 1000 3107 ωε
1022 3019 1106 3120 dunis
1119 3059 1148 3106 1²r

273 3125 316 3191 (cn
339 3140 380 3176 -es
405 3122 448 3192 α’)
473 3141 513 3177 ωε
540 3123 630 3177 crines
653 3128 674 3175 P
747 3128 798 3177 584
821 3122 969 3183 funereo:
994 3123 1082 3179 ferele
1103 3120 1190 3179 Morti

326 3199 378 3248 585
397 3194 515 3248 effossae
530 3213 570 3249 ωε
591 3193 713 3248 offensae
727 3202 767 3247 Pr
819 3195 958 3249 sualentr
1030 3202 1080 3250 587
1101 3197 1189 3266 pupe]

272 3288 324 3336 588
344 3283 426 3353 'pigri
442 3284 547 3337 'menes
560 3285 613 3338 1¹:
633 3283 709 3353 pigri
727 3301 823 3337 manes
838 3303 863 3350 μ
917 3301 1035 3348 meneps
1055 3285 1089 3345 0¹
1142 3284 1189 3354 nig

326 3358 377 3407 589
397 3357 428 3409 in
442 3374 493 3427 mp.
509 3373 597 3424 prope
615 3373 639 3409 v.
655 3360 713 3409 588
731 3355 919 3424 scripturosl
974 3356 1085 3424 pellide
1101 3357 1189 3412 crab-1

271 3478 393 3531 -adaw
431 3485 499 3590 ,τωο
518 3480 599 3534 foreis
614 3497 647 3535 ex
661 3496 703 3534 -es
717 3481 750 3532 1²¹
806 3486 855 3534 ser
871 3457 963 3534 interi
977 3481 1011 3533 1²¹
1067 3441 1180 3536 maiano

270 3606 322 3652 592
333 3563 446 3656 Crescit
459 3611 481 3655 Ι)
531 3605 654 3672 totisque
664 3611 731 3659 Por:
742 3607 879 3673 testisque
890 3605 1027 3660 Hamus
1037 3609 1105 3676 (ecil.
1118 3608 1190 3679 Pyro]

265 3675 393 3748 theottep
408 3676 472 3730 tota
481 3678 568 3746 atque
578 3678 720 3744 Imbotus:
730 3677 853 3745 solisque
866 3676 1023 3732 Garrods'ue
1060 3683 1114 3734 599
1125 3679 1185 3734 'Pali

314 3804 440 3860 campos
467 3805 500 3845 eae
526 3805 575 3843 -us
592 3787 620 3842 τ’
676 3801 746 3854 -qus
763 3787 856 3838 oran
925 3761 1185 3849 saetigerum·
