2684 4317
551 425 721 481 EDITORIS
740 424 947 481 PRAEFATIO

539 631 562 689 Ι.
587 631 728 690 codices
747 630 956 688 Britannici

187 761 232 816 W
307 756 352 814 W
370 755 613 832 fragmentum
627 755 937 815 Worcesteriense
952 773 973 813 s.
984 755 1036 828 IX,
1051 753 1150 830 quodi

241 842 388 903 Henricus
408 843 550 919 Schenkl,
574 845 609 905 cf.
628 844 726 903 Wien.
747 843 829 904 Stud.
850 845 869 902 8
890 835 1008 925 (1887)
1026 864 1054 919 p.
1076 844 1149 902 166·

242 933 369 992 elicuius
387 933 459 992 libri
477 953 554 993 unus
574 935 731 1011 quaternio
750 935 924 1011 tegumento
943 933 1053 994 codicis
1068 924 1135 1002 Qsss

241 1023 345 1082 thecae
368 1023 550 1082 cathedralis
572 1023 832 1084 Worcestcricnsis
857 1022 1064 1102 agglutinatus
1088 1025 1142 1096 cst,

241 1112 351 1171 ultima
369 1114 483 1193 pagina
501 1113 562 1190 legi
581 1115 717 1189 nequeat.
747 1131 812 1171 cum
827 1132 899 1172 vero
918 1112 1045 1190 singulis
1064 1114 1149 1189 pagii

242 1204 293 1260 sus
312 1203 416 1277 scripti
435 1203 497 1260 sint
514 1202 612 1260 viceni
632 1201 725 1277 quini,
744 1204 855 1261 servati
869 1204 939 1261 sunt
953 1202 1044 1260 Theb.
1059 1204 1087 1275 2,
1099 1203 1149 1260 70-

243 1311 258 1348 e
278 1290 387 1367 quibus
407 1289 600 1350 Schenkeh'us
622 1293 650 1365 2,
673 1292 824 1352 70-285
844 1291 980 1351 contulit.

197 1403 226 1457 D
309 1398 405 1456 multo
424 1399 548 1458 maioris
562 1397 653 1474 pretii
668 1400 714 1458 est
733 1397 842 1457 codex
863 1397 1022 1475 Collegii
1041 1396 1069 1456 S.
1084 1396 1104 1453 J
1109 1397 1149 1454 oh

243 1486 337 1564 apud
360 1485 686 1566 Cantabrigienses
709 1489 736 1546 D
756 1486 804 1544 IV
823 1478 889 1568 (D)
927 1487 979 1564 qui
1002 1486 1078 1544 liber
1100 1503 1149 1561 pos

241 1575 440 1653 paucissimae
460 1597 495 1635 ex
514 1596 549 1636 eo
568 1577 710 1637 lectiones
729 1577 838 1635 Iortini
856 1578 963 1635 merito
987 1578 1018 1634 in
1037 1575 1144 1652 vulgus

243 1667 321 1741 sunt,
344 1666 382 1724 ab
401 1665 439 1724 H.
454 1666 500 1726 W.
517 1665 632 1727 Garrod
654 1668 686 1726 in
709 1668 807 1725 lucem
829 1667 999 1741 protractus
1023 1666 1053 1724 et
1071 1665 1148 1723 colla

243 1774 321 1814 anno
343 1757 443 1829 1902,
466 1756 503 1814 cf.
528 1776 606 1833 quae
630 1756 681 1815 ille
700 1757 747 1815 vir
771 1753 876 1816 doctus
900 1755 935 1813 de
956 1755 1012 1814 hoc
1030 1753 1106 1812 libro
1126 1773 1148 1810 e:

244 1841 336 1903 (llass.
351 1845 422 1905 Rev.
440 1847 481 1904 18
497 1837 616 1927 (1904)
634 1867 664 1922 p.
681 1845 821 1906 38-42.
846 1845 937 1904 codex
955 1844 1072 1902 saeculo
1087 1843 1114 1901 X
1134 1862 1148 1902 s

243 1934 315 1993 olim
339 1935 377 1993 ad
400 1937 545 2012 prioriam
563 1935 727 1995 Dovoriam
750 1935 909 2010 pertinuit,
932 1933 964 1992 id
987 1933 1066 2009 quod
1085 1933 1148 1991 att

242 2023 364 2083 titulus:
382 2025 476 2095 libbe)
494 2027 703 2084 monachorum
721 2025 756 2084 de
771 2024 910 2098 Dccorpa
929 2025 958 2080 et
976 2022 1077 2081 firmat
1095 2023 1148 2080 vet

243 2112 440 2172 bibliothecae
464 2115 621 2191 catalogus
644 2134 723 2173 nuno
747 2110 857 2172 Oxonii
878 2114 911 2170 in
930 2111 1095 2171 Bodleiana
1120 2131 1148 2171 se

244 2201 371 2279 singulis
388 2202 508 2279 paginis
527 2202 615 2260 binae
630 2202 786 2261 columnae
801 2204 941 2260 exaratae
960 2203 1038 2275 sunt,
1057 2201 1148 2276 script

244 2289 295 2349 cili
314 2289 353 2348 ad
371 2290 539 2369 legendum,
557 2292 616 2350 nisi
636 2292 716 2367 quod
734 2293 765 2348 in
786 2291 881 2350 altera
899 2290 1088 2365 potissimum
1104 2290 1149 2348 Th

242 2382 329 2456 parte
347 2380 445 2439 multa
468 2379 589 2439 madore
614 2383 755 2456 corrupta
778 2382 856 2439 sunt.
895 2381 1087 2439 continentur
1110 2398 1148 2437 au

243 2468 329 2543 libro,
347 2471 425 2528 sicut
443 2469 534 2529 titulo
548 2469 708 2544 indicatur,
722 2471 808 2529 haec:
826 2468 915 2529 sarae·
930 2469 1069 2528 Thebaid.
1085 2469 1148 2527 Lib.

245 2557 368 2618 Glossce
380 2577 470 2633 super
483 2559 680 2619 Moenum.
694 2551 697 2642 l
710 2559 902 2618 Gemmantes.
917 2561 950 2618 ta
964 2559 1031 2617 Iob.
1041 2558 1146 2632 Sophis

244 2648 370 2707 morum.
399 2647 484 2708 Inter
502 2647 686 2707 Thebaidem
705 2651 736 2708 et
755 2646 876 2708 Glossas
896 2667 985 2725 super
999 2647 1148 2706 Prisciani

244 2737 382 2796 columna
400 2740 432 2797 et
450 2737 575 2797 dimidia
594 2758 629 2795 ex
647 2737 774 2797 Ausonii
792 2737 908 2814 idylliis
927 2738 1102 2796 vicesimum
1120 2755 1148 2796 so

244 2828 298 2901 est,
317 2826 369 2885 sed
387 2827 449 2906 legi
465 2829 527 2887 iero
546 2829 658 2902 nequit.
696 2829 727 2885 in
747 2829 881 2904 margine
900 2847 970 2886 vero
989 2825 1135 2885 Thebaidi

244 2916 337 2993 spisse
352 2916 504 2995 adscripta
518 2920 596 2990 sunt,
610 2916 729 2976 divorsa
743 2918 905 2976 maximam
918 2917 1044 2992 partem,
1059 2916 1149 2975 sicuti

244 3005 310 3065 dius
325 3009 435 3081 monet,
450 3026 468 3065 a
482 3008 696 3066 commentario
711 3007 764 3082 qui
778 3006 874 3065 fertur
887 3005 1048 3065 Lactantii.
1072 3025 1148 3081 quan

245 3096 273 3154 ei
292 3095 344 3172 qui
363 3096 478 3156 scholia
498 3094 637 3156 Statiano
656 3116 724 3155 vere
744 3095 820 3171 edet,
840 3096 916 3155 liber
934 3098 1040 3171 utique
1060 3098 1106 3153 est
1125 3114 1148 3153 a<

245 3184 308 3245 dus.
337 3186 389 3244 sed
407 3187 439 3245 in
457 3186 523 3263 ipso
542 3204 683 3245 versuum
702 3187 845 3245 contextu
864 3184 1036 3261 saepissime
1057 3184 1146 3260 duple

244 3274 343 3348 lectio,
372 3275 409 3333 ab
436 3277 503 3350 ipso
535 3275 659 3334 librario
688 3277 819 3334 exarata.
867 3277 993 3351 apparet
1025 3274 1120 3351 igitur
1146 3294 1148 3300 ⁴

244 3365 408 3439 exemplari
430 3365 531 3424 varias
554 3364 696 3425 lectiones
720 3364 940 3440 suprascriptas
959 3363 1058 3423 fuisse.
1100 3382 1135 3421 ox

243 3453 422 3513 lectionibus
437 3454 549 3514 alterae
563 3456 739 3532 plerumque
751 3473 819 3514 cum
830 3453 983 3512 Puteaneo
994 3444 1059 3533 (P),
1074 3453 1148 3511 alter

243 3543 370 3622 vulgata
388 3535 446 3625 (ω)
465 3545 663 3603 consentiunt.

312 3632 475 3692 Garrodius
493 3636 654 3710 postquam
674 3632 710 3692 de
728 3633 785 3691 hoc
804 3633 905 3692 codice
920 3631 939 3690 l.
954 3633 973 3690 l.
993 3631 1148 3708 disputavi

231 3723 343 3793 tesqua
360 3722 509 3782 lectiones
530 3723 705 3800 proposuit,
727 3724 760 3782 'm
779 3720 912 3782 editione
930 3740 984 3781 sua
1003 3719 1106 3780 eodem
1124 3740 1148 3780 u

211 3805 296 3862 undo
316 3827 376 3885 ego
395 3830 469 3872 mea
487 3815 640 3892 prompsi.
