2684 4317
470 401 640 457 EDITORIS
658 401 866 457 PRAEFATIO
1113 402 1178 458 XXI

128 598 139 629 1..
195 569 281 629 ouum
291 573 449 633 lectionem
465 577 491 631 et
499 573 630 646 oloriferi
644 591 733 648 qnam
749 565 791 631 12¹
800 572 933 648 praebet,
949 577 1097 633 corrector
1109 592 1176 649 pes-

128 686 139 742 p
193 659 304 720 suodedit
329 661 434 721 addito
458 679 538 736 -que,
565 661 618 721 sed
641 662 699 720 hoo
722 682 757 720 ex
783 660 883 720 codice
908 663 1010 739 aliquo
1039 680 1175 722 manasse

127 794 136 831 ἶ.
162 750 164 757 “
193 749 323 810 ostenditur
341 769 489 811 consensu
503 750 637 811 codicum
651 755 831 823 DMfguv.
861 751 889 826 5,
905 753 968 810 462
989 753 1098 811 toronos
1117 754 1174 811 olo·

140 882 145 904 ,
191 840 258 894 udor
276 845 319 900 ost
342 841 433 900 lectio
456 834 506 915 12¹,
530 842 691 900 celebratur
714 859 806 916 supra
830 840 945 900 addidit
964 843 1016 916 11⁰,
1035 845 1175 900 neutrum

129 972 143 1010 s:
191 941 229 983 oon
239 929 293 989 aliis
307 929 461 989 codicibus
475 930 614 989 traditur.
648 930 787 988 simfliter
803 931 853 1003 10,
865 930 928 988 218
943 930 1030 990 Solus
1044 948 1075 989 co
1090 935 1175 1003 utque

128 1063 146 1100 ·..··
189 1013 560 1086 mamitm0u1,soous
579 1019 941 1078 accurrentium.
978 1019 1054 1100 mira
1074 1023 1174 1078 autem

131 1160 147 1189 „
188 1111 264 1167 meu
280 1109 309 1183 8,
326 1110 393 1168 614
417 1108 470 1167 ubi
492 1109 588 1167 Notat
609 1112 688 1167 recte
707 1101 748 1167 L¹
772 1108 918 1184 exaravit,
943 1108 1023 1167 idem
1046 1108 1174 1168 totidem

187 1189 261 1256 littoris
277 1202 319 1257 L⁰
341 1200 576 1274 suprascripsit,
595 1196 673 1255 unde
690 1200 817 1274 apparet
834 1199 866 1256 iu
884 1197 961 1257 libro
976 1217 994 1256 a
1008 1201 1173 1257 correctore

187 1281 283 1347 adhibito
299 1288 394 1347 aliam
409 1288 501 1346 fnisse
515 1290 547 1345 in
560 1289 626 1363 ipso
636 1290 777 1346 contextu
786 1287 944 1346 lectionem
954 1320 998 1328 -
1008 1290 1063 1346 aut
1072 1289 1174 1347 Mutat

191 1362 195 1371 ι

186 1371 222 1448 {uc
231 1370 262 1455 P)
281 1381 336 1436 aut
355 1375 388 1434 id
403 1376 481 1452 quod
501 1376 563 1435 veri
583 1377 711 1435 similius
725 1379 770 1435 est
784 1376 888 1436 aratra
905 1368 1172 1459 (siegr1uv)—,

185 1458 248 1522 dun
262 1470 364 1525 autem
384 1485 477 1542 supra
491 1465 626 1524 additum
640 1468 675 1523 ut
690 1469 805 1525 vanam
820 1467 986 1526 lectionem.
1014 1468 1104 1543 plane
1124 1487 1170 1526 ea·

129 1563 148 1617 s'.
183 1546 225 1610 deu
239 1558 351 1615 ratione
377 1555 570 1630 explicandus
594 1558 639 1613 est
662 1556 745 1614 locus
765 1558 794 1631 4,
812 1557 873 1616 786
890 1548 985 1638 (779)
1005 1556 1059 1615 ubi
1072 1559 1170 1632 pontt-

183 1655 217 1708 φιτ
228 1639 269 1717 L¹,
284 1648 393 1720 ipen-it
411 1647 464 1718 11⁰,
483 1647 571 1720 qnasi
590 1645 673 1703 aliud
691 1645 831 1703 librarius
850 1645 1024 1722 scripsisset.
1064 1645 1171 1722 quibus

129 1762 143 1796 ;.
182 1735 288 1809 uouplis
307 1734 545 1793 luculentissime
565 1735 796 1807 demonstratur,
816 1738 1000 1811 quantopere
1020 1735 1170 1796 codicibus

129 1829 140 1884 i·
181 1814 233 1879 ioter
247 1842 274 1882 se
294 1824 416 1884 collatis
436 1826 466 1881 et
483 1823 662 1883 lectionibus
677 1823 832 1901 permixtis
846 1825 980 1884 familiae
995 1825 1170 1885 coniunctae

133 1938 140 1972 ε
179 1907 219 1968 tint
232 1914 271 1972 vel
291 1914 443 1972 turbatae.
481 1912 561 1971 idem
580 1917 707 1989 apparet
730 1914 798 1972 aliis
821 1933 939 1990 quoque
959 1914 1041 1989 locis,
1061 1914 1169 1991 quibus

129 2047 140 2062 ..
178 2000 360 2073 expiationes
385 2004 559 2062 correctoris
586 2022 646 2061 non
670 2002 851 2079 respondent
874 2003 1050 2062 lectionibus
1076 2004 1169 2079 ipsius

177 2087 262 2150 codicis
300 2092 387 2152 velut
407 2094 436 2165 3,
452 2092 515 2150 280
535 2093 586 2151 ubi
604 2091 746 2150 librarius
765 2094 898 2168 scripsit:

131 2201 137 2235 ³
237 2199 330 2258 Arma
351 2200 404 2258 to'bo'
421 2200 472 2258 sed
490 2201 622 2272 scopulos
641 2203 667 2259 et
685 2217 761 2259 aona
774 2202 925 2274 praenotato
944 2219 1003 2276 eqs.

129 2361 132 2387 ,
176 2324 228 2382 quae
246 2316 335 2375 lectio
366 2335 401 2374 eo
429 2317 529 2374 minus
554 2317 650 2391 ipsius
676 2316 882 2394 neglegentiae
909 2316 1034 2376 attribui
1059 2320 1167 2393 potest,

175 2402 230 2471 qood
241 2406 343 2464 eadam
359 2404 646 2464 lacunaPutoaneus
662 2425 779 2481 quoque
794 2405 921 2479 laborat,
936 2407 1040 2464 eadem
1054 2407 1086 2465 in
1102 2410 1166 2485 qui

173 2482 267 2552 busdam
286 2494 441 2554 codicibus
455 2496 566 2553 temere
580 2495 700 2569 expleta
718 2498 771 2570 est,
792 2514 859 2553 cum
877 2497 928 2554 sed
946 2496 1018 2568 quid
1035 2499 1167 2570 scopulos

172 2580 287 2656 sciptum
310 2584 354 2642 sit
377 2582 410 2641 in
428 2587 583 2656 Mfcuv:
606 2587 712 2643 contra
734 2585 883 2662 glossator
900 2587 952 2658 Ν,
977 2587 1028 2660 qui
1053 2586 1168 2661 radobodo

171 2681 238 2742 sopra
254 2673 424 2745 adnotavit,
442 2673 546 2749 procul
565 2673 655 2732 dubio
675 2674 707 2732 in
726 2691 779 2733 sno
799 2673 898 2732 codice
919 2674 993 2751 legit

235 2778 329 2839 Arma
344 2780 408 2846 tibi,
427 2782 459 2837 tu
475 2782 581 2839 —sod
598 2782 731 2854 scopulos
751 2786 777 2839 ct
794 2798 871 2840 oenc
884 2782 1035 2855 precando
1055 2801 1115 2858 eqs.

171 2899 283 2962 quaeest
301 2896 488 2971 reliquorum
507 2897 640 2956 codicum
660 2899 817 2972 scriptura.
854 2915 976 2972 prorsus
995 2898 1101 2959 similis
1121 2903 1166 2959 est

170 2984 231 3058 rea,
243 2987 312 3060 187,
326 2984 382 3043 ubi
395 2984 422 3040 Y
420 3003 447 3043 u.
449 2987 560 3059 poteris
569 2988 690 3045 dodana
699 2989 781 3060 queri
790 2979 832 3047 12¹
841 2989 961 3062 scripsit
971 3005 1038 3046 cum
1047 2982 1165 3056 Mca¹

169 3060 235 3147 W,
247 3075 296 3134 sad
306 3077 352 3134 L⁰
367 3093 438 3132 cum
451 3077 545 3149 fratre
557 3077 659 3134 nocitor
673 3076 887 3152 interpretatus
902 3079 950 3151 sit,
965 3096 1023 3135 non
1039 3078 1164 3137 dubium

169 3162 206 3232 “t
220 3166 285 3239 quin
304 3164 438 3240 explicet
456 3163 612 3223 lectionem
637 3167 685 3223 Tu
697 3169 796 3240 potior
815 3184 884 3241 eqs,
908 3185 985 3242 quae
1008 3169 1040 3225 in
1059 3167 1163 3242 pleris-

169 3252 309 3320 inlibris
333 3255 496 3312 invenitur.
543 3257 635 3314 etiarn
660 3259 689 3331 8,
709 3257 751 3314 48
781 3275 799 3314 a
822 3256 945 3314 librario
969 3252 1115 3315 Accedam
1139 3264 1164 3318 et

130 3372 131 3377 κ
168 3331 225 3399 hed
246 3348 357 3403 temere
384 3345 540 3402 exaratum
566 3363 628 3404 esse
654 3363 798 3404 consensu
825 3345 933 3403 codicis
958 3350 982 3403 0
1008 3345 1163 3423 probatur,

169 3424 241 3490 huon
266 3435 465 3493 correctorem
491 3435 543 3508 qui
570 3436 741 3494 Mercurius
764 3436 989 3510 suprascripsit,
1013 3454 1072 3493 non
1097 3437 1161 3511 hoc,

169 3530 244 3580 'trum
253 3523 401 3583 Arcadas
416 3527 441 3581 ct
450 3513 508 3602 (sic
518 3515 560 3604 ω)
575 3523 634 3582 sibi
646 3523 905 3599 interpretandum
919 3525 1041 3598 putasse
1057 3524 1160 3585 elucet.

130 3671 131 3676 1
167 3619 204 3665 otc
221 3613 311 3673 minus
341 3611 527 3670 dissentiunt
556 3606 597 3672 1.¹
622 3615 653 3672 et
682 3615 726 3671 L⁰
753 3615 781 3688 9,
804 3614 867 3671 499
895 3613 946 3671 ubi
971 3605 1013 3672 12¹
1037 3614 1161 3675 dimissu

168 3698 258 3774 nupsit
278 3722 336 3779 pro
361 3701 492 3760 demisso
514 3701 596 3761 faciti
622 3720 736 3780 errore,
759 3701 813 3764 sed
841 3723 901 3784 quo
926 3704 1082 3767 consentit
1104 3725 1178 3767 cum

169 3776 292 3863 Putameo,
315 3807 414 3849 retem
432 3787 588 3851 lectionem
606 3797 657 3854 L⁰
674 3796 813 3876 explicat
831 3819 910 3864 voco
931 3801 1089 3863 deorsum.
1119 3817 1194 3858 eun-
