2684 4317
518 806 520 812 -
555 759 855 842 APPENDIX

217 935 343 1002 amu
367 934 619 1002 rnnamoos
646 933 926 1002 moranum
951 927 1101 1009 muou

429 1101 541 1161 LIBRI
563 1102 679 1161 PRIMI
701 1100 985 1162 ARGVMEN'IVM

671 1221 743 1274 deret

400 1370 512 1429 LIBRI
536 1370 711 1430 suevum
734 1369 1018 1431 ARGVMIINTVM

251 1511 285 1571 at
307 1507 394 1572 Maia
417 1509 546 1593 genitus
570 1530 702 1593 superas
725 1508 890 1574 remeabat
912 1509 953 1573 ad
976 1529 1068 1590 auras,

251 1598 438 1680 excitusque
462 1597 569 1663 Erebo
593 1597 657 1663 iam
682 1620 794 1663 saevus
817 1597 918 1664 Laius
941 1599 1017 1681 ibat,

250 1684 392 1751 Tiresiae
415 1688 543 1752 vultum
566 1687 601 1750 in
623 1685 745 1752 somnis
769 1689 927 1752 mentitus
950 1692 983 1752 et
1005 1709 1062 1752 ora

251 1775 368 1840 armari
391 1777 426 1840 in
448 1777 581 1841 fratrem
605 1775 711 1840 dirum
733 1775 888 1841 Eteoclea
910 1779 1076 1862 perurguet

215 1881 231 1928 5
250 1863 497 1949 perfossumque
520 1867 607 1930 senis
630 1866 779 1951 iugulum
801 1865 982 1950 faciemque
1004 1861 1101 1929 reolud

250 1976 391 2037 moxque
415 1976 488 2019 suaa
512 1954 664 2019 thalamis
687 1958 780 2018 natas
804 1955 943 2020 sociavit
966 1955 1101 2020 Adrartu

251 2041 412 2127 Deipylen
433 2042 544 2127 Tydei,
566 2043 693 2129 Argian
714 2043 880 2128 Polynieis
905 2045 1012 2109 amati.

251 2132 308 2196 sed
332 2133 466 2216 cupidus
490 2133 581 2218 regni
604 2133 723 2197 fortem
746 2129 918 2198 Cadmeius
941 2134 1035 2198 heros

251 2220 360 2304 Tydea
382 2224 526 2307 legatum
550 2221 662 2305 mittit,
686 2222 741 2304 qui
764 2222 896 2286 foedera
919 2223 1050 2288 fratrem

198 2326 232 2374 10
251 2315 398 2393 posceret
420 2311 556 2395 imperii.
603 2311 657 2375 ille
682 2331 757 2376 suae
780 2332 847 2375 non
869 2313 1030 2377 inmemor
1051 2312 1101 2374 irae

251 2400 489 2486 quinquaginta
511 2400 598 2465 viros
621 2402 765 2485 legatum
789 2399 939 2465 obsidere
963 2401 1062 2466 iussit.

251 2510 332 2572 quos
356 2491 472 2553 stravit
494 2490 567 2553 telis
591 2489 696 2553 vietor
718 2489 922 2572 patriamque
945 2490 1062 2555 revisit.

268 2633 285 2680 4
305 2628 435 2682 etheoola
452 2634 523 2684 Hrv

417 2797 528 2856 LIBRI
551 2799 688 2858 TERTII
711 2797 1000 2858 ARGVMENTVM

250 2934 392 3016 perfidus
415 2935 538 2999 interea
560 2937 733 3001 missorum
756 2957 826 2999 sera
848 2937 995 3002 virorum

250 3025 399 3108 tempora
421 3024 498 3088 dum
523 3027 678 3110 queritur,
702 3026 778 3089 dum
801 3028 929 3109 spectat
953 3028 1037 3091 oolla
1059 3045 1101 3091 rel

250 3110 377 3195 Tydeos
400 3114 506 3198 invisi,
528 3119 607 3179 tuno
630 3137 714 3179 unus
738 3117 829 3179 tanta
852 3137 892 3179 ex
915 3116 1013 3182 caede
1036 3116 1101 3181 reli<

269 3256 284 3303 2
308 3243 421 3321 'spectat
443 3256 462 3308 i.
487 3262 623 3323 exspectnt
714 3262 728 3308 3
757 3257 956 3323 leprametram
984 3260 1101 3313 aurien

196 3322 324 3378 nodare
343 3326 467 3380 librarii:
486 3328 555 3379 tuno
573 3345 647 3380 unua
665 3330 748 3381 tanta
767 3344 800 3380 ex
820 3325 907 3380 caede
927 3330 973 3397 (ex
989 3330 1101 3384 caedet

196 3427 313 3482 relictus
333 3432 393 3498 (tis
411 3435 435 3502 r)
456 3437 561 3500 Bora:
579 3437 751 3487 aramue
767 3434 850 3487 tanta
868 3398 904 3501 {⁰1
929 3437 1019 3490 caede
1045 3437 1101 3492 reli*

196 3500 266 3552 tune
288 3517 361 3555 unua
386 3521 420 3556 ex
443 3504 529 3558 caede
553 3504 668 3559 relictus
693 3510 722 3560 8:
751 3508 819 3558 tunc
842 3506 926 3559 tanta
950 3523 986 3561 ex
1005 3509 1092 3564 caede

194 3572 241 3642 (ex
260 3572 360 3628 cedere
379 3575 463 3630 dietis
478 3579 507 3645 L)
526 3581 597 3628 m

266 3723 294 3800 ³)
315 3723 353 3781 of.
370 3724 481 3781 Arehiu
494 3721 542 3777 tut
553 3715 937 3782 lateinLeni‘nugraun'xaxu
944 3723 1101 3792 quuuqqq
