2684 4317
380 405 549 462 EDITORIS
568 407 774 463 PRAEFATIO
1012 408 1087 466 XLV

133 579 165 634 P.
205 575 259 635 ubi
283 596 353 635 cum
380 577 413 635 in
439 595 497 635 usu
520 577 668 637 adiectivo
693 579 773 637 vocis
796 580 890 638 hostes
911 579 1085 656 haesissent,

128 666 179 724 iles
192 669 225 725 in
238 690 267 725 ω
286 665 484 726 substitutum
499 669 551 726 est.
580 669 712 744 genuina
731 671 832 727 autem
851 669 940 728 lectio
959 669 990 727 13
1005 674 1090 728 BDf

128 759 231 814 rectura
247 759 393 815 revocata
411 759 463 814 est.

139 847 184 918 11,
194 848 253 905 391
270 848 376 905 Mater
388 848 531 919 lupatria
544 865 561 905 c
572 865 674 920 repam
685 849 880 907 inertissima
895 849 986 907 tellus.
1006 849 1049 907 sic
1059 853 1085 906 P

128 936 219 1009 iquod
239 955 296 1012 pro
315 938 423 1007 patric
444 953 461 994 0
484 938 640 994 exaratum
663 939 728 995 erat
741 940 869 1011 patriae,
893 956 971 995 nunc
990 956 1017 996 -3
1036 937 1084 996 de-

128 1043 163 1080 m
179 1028 226 1083 est.
266 1044 325 1101 pro
348 1024 554 1084 interiectione
573 1028 601 1084 io
625 1026 815 1085 usitatiorem
833 1043 849 1084 o
868 1025 1029 1102 scripserat
1048 1048 1084 1084 ω.

128 1114 166 1169 sui
183 1117 279 1172 autem
300 1113 420 1173 librarii
433 1119 512 1173 Drb
531 1119 741 1175 succurrerunt
754 1117 854 1191 potius
869 1134 961 1190 quam
975 1119 1084 1190 sensui,

128 1204 325 1262 ascriberent:
344 1205 446 1263 Mater
465 1207 542 1264 enim
560 1222 577 1264 o
590 1208 696 1278 patric
714 1223 773 1281 eqs.

145 1294 186 1366 11,
199 1295 257 1352 607
280 1294 369 1353 Vinci
381 1297 410 1352 r'c
423 1296 571 1363 3337333333,
584 1296 677 1354 cincre
691 1295 820 1367 Natura,
829 1299 985 1366 parentem
999 1286 1083 1352 PN².

460 1389 492 1416 me

128 1437 170 1491 rio
185 1437 213 1493 in
230 1461 257 1496 ω
278 1439 365 1496 extat
382 1455 428 1496 mc
442 1429 559 1517 (1332).
597 1436 677 1512 quod
697 1457 764 1496 eum
782 1439 814 1494 iu
832 1441 892 1495 BL
910 1455 1003 1511 supra
1018 1455 1082 1494 ver·

128 1541 143 1578 3
158 1525 281 1584 additum
301 1526 352 1599 sit,
370 1526 403 1583 in
422 1549 449 1585 ω
467 1529 496 1585 io
516 1526 656 1585 omissum
675 1527 767 1585 fuisse
785 1525 988 1585 concluserim.

146 1617 186 1689 11,
199 1617 257 1674 609
280 1616 412 1675 Volnera
429 1620 455 1674 et
466 1619 500 1674 tn
512 1617 612 1674 molles
626 1619 757 1688 sequitur
769 1634 877 1674 raucus
895 1617 980 1688 inpia
993 1616 1082 1688 plan·

129 1741 273 1799 circuitur
297 1759 367 1799 eum
390 1741 446 1800 hac
464 1741 626 1800 varietate:
651 1745 677 1798 et
694 1743 727 1800 in
746 1733 892 1812 ΡΝμνῙε
910 1702 963 1798 “in
981 1731 1027 1798 fl:
1050 1741 1081 1797 ic

128 1829 265 1893 613τεὶ33-
283 1835 334 1888 M:
353 1833 416 1888 lam
434 1835 535 1890 DOb:
554 1833 626 1903 quta
644 1821 686 1889 12².
731 1829 808 1888 uude
827 1828 1019 1887 manifestum
1038 1834 1083 1886 est

129 1915 182 1974 olim
199 1920 348 1978 excidisse.

147 2009 185 2081 u,
198 2009 257 2068 362
281 2008 360 2068 Cum
378 2012 475 2068 tamen
498 2014 605 2068 erectas
628 2013 771 2068 extremus
790 2009 914 2081 cirpa'uis
937 2025 1024 2065 cures
1043 2012 1083 2065 P:

285 2098 362 2157 Cum
380 2101 478 2156 tamen
501 2103 643 2158 extremus
667 2101 775 2158 creatas
795 2099 919 2170 cirpints
938 2114 1026 2154 cures
1045 2119 1082 2170 ω,

128 2181 135 2236 i
152 2187 309 2246 electione
329 2191 464 2246 extemis
482 2188 582 2247 versui
601 2187 760 2247 consuluit.

145 2272 205 2334 falsa
226 2278 389 2336 verborum
412 2276 602 2336 distinctione
625 2279 782 2352 peecatum
806 2278 851 2334 est
873 2277 904 2333 in
925 2297 963 2348 ω,
986 2275 1029 2332 ita
1049 2277 1082 2332 ut

128 2378 169 2420 uus
184 2367 302 2424 omnino
320 2385 383 2425 non
401 2366 511 2424 evadat
530 2368 558 2440 8,
574 2367 615 2424 48
635 2365 759 2425 Arcada
776 2383 829 2424 ccc
846 2369 919 2423 PD:
938 2363 1082 2423 Arcadum

128 2471 157 2507 c:
171 2454 311 2515 Accedam
337 2459 364 2514 et
388 2447 486 2535 (inani
506 2447 690 2536 coniectura)
713 2459 780 2513 Le.
818 2454 984 2530 glossarum
1002 2455 1034 2510 in
1054 2475 1081 2511 ω

128 2546 244 2614 aptarum
259 2544 535 2604 luculentissimum
550 2544 718 2620 exemplum
733 2545 790 2602 est:
805 2546 835 2618 4,
847 2545 887 2601 66
908 2543 1082 2614 Musaeque

129 2635 184 2700 11113
197 2667 235 2674 -
250 2636 340 2694 babet
358 2627 430 2712 P¹):
449 2635 519 2692 Mos
532 2653 624 2708 niaque
636 2636 760 2709 3339313
774 2636 848 2692 inest
866 2655 903 2710 ω,
924 2631 959 2689 cf.
975 2631 1082 2690 similis

129 2735 153 2774 ⁰1
167 2723 195 2781 in
212 2730 239 2783 D
273 2726 304 2799 4,
326 2724 392 2782 540
416 2724 519 2782 melior
543 2742 609 2782 curn
633 2726 757 2798 sanquis
782 2725 888 2781 inesset
916 2713 984 2802 (pro
1010 2739 1082 2779 voce

128 2809 196 2891 tius).
225 2817 252 2890 1,
268 2815 312 2871 48
333 2814 388 2872 sub
405 2817 486 2871 33313
503 2815 535 2871 13
550 2836 578 2872 ω
597 2813 717 2890 legitur,
735 2813 789 2871 snb
804 2815 893 2871 morte
912 2810 943 2868 in
957 2815 984 2868 P
1002 2810 1082 2885 quod

128 2914 154 2954 ce
167 2901 299 2981 intellegi
317 2905 428 2978 potest.
455 2903 533 2961 illud
552 2902 645 2962 oculis
659 2901 841 2979 vagantibus
861 2921 876 2958 e
891 2919 980 2959 versu
999 2903 1081 2958 ante-

129 2988 181 3049 {eun
196 2993 371 3068 repetitum.

140 3097 201 3152 quae
219 3085 326 3141 autem
344 3084 425 3140 inter
447 3080 521 3139 duas
540 3081 648 3156 stirpes
669 3085 696 3138 P
715 3085 746 3139 et
764 3102 792 3138 ω
811 3079 977 3138 intercedat
995 3079 1081 3154 ratio,

128 3168 166 3226 133
182 3171 358 3230 ridebimus.
401 3189 480 3228 nunc
500 3170 535 3228 de
554 3171 698 3246 vulgatae
716 3168 840 3228 familiis
859 3187 955 3244 pauca
974 3167 1081 3227 delibo.

128 3258 178 3316 313
195 3263 375 3337 quaestione
394 3259 553 3318 admodum
572 3256 715 3318 intricata
731 3258 873 3317 brevitati
891 3257 1081 3333 potissimum

129 3342 238 3424 luimus,
263 3370 300 3407 33
326 3349 525 3425 amplitudine
549 3349 715 3424 disputatio
741 3348 825 3406 fieret
848 3346 980 3405 obscura.
1027 3365 1081 3404 nee

129 3450 297 3516 mumquam
316 3439 390 3498 licet
408 3437 531 3498 familiis
555 3437 706 3497 subtiliter
723 3437 870 3513 separatis
889 3438 1015 3494 stemma
1034 3453 1080 3493 co-

129 3538 160 3583 13
176 3530 300 3605 simplex
320 3546 497 3604 proponere,
517 3527 568 3585 ubi
581 3547 635 3603 per
648 3528 773 3604 longum
791 3525 934 3601 temporis
949 3525 1080 3600 spatium

129 3610 176 3674 inne
191 3619 314 3677 fuerunt
333 3617 478 3676 familiae.
501 3617 603 3692 itaque
618 3635 687 3674 eum
706 3615 837 3673 familias
851 3613 998 3688 quasdam
1013 3631 1080 3671 con·
