2684 4317
237 400 303 464 456
597 401 627 455 Ρ.
647 400 771 455 ΡΑΡΙΝΙ
789 401 896 456 STATI

238 568 399 629 astrorum
423 563 521 628 radiis
545 568 577 627 et
601 570 737 648 utreque
760 588 779 628 a
800 565 953 650 lampedo
976 566 1075 632 vidit:
1206 582 1219 630 1

240 654 355 719 ‘cuius'
380 652 435 736 eit,
459 654 590 735 ‘mense
613 657 670 718 eut
694 675 775 738 quae
798 655 972 719 temerarie
994 656 1122 740 quaeris

238 746 333 807 nocte
356 743 457 806 mee?
504 741 587 808 nihil
611 743 668 807 ille
691 742 755 827 diu,
779 744 835 807 sed
859 745 894 808 in
918 766 977 808 ore
999 746 1108 809 meriti

237 832 335 897 deicit
359 832 457 915 inque
480 852 555 896 suos
579 835 701 915 pariter
722 833 883 896 velamine
907 832 1028 916 uultus,

238 925 332 1005 capta
354 925 443 984 metu
466 919 574 985 subito
599 923 794 1004 paulumque
818 921 922 986 oblite
947 922 1078 987 doloris.

236 1011 298 1075 hoc
322 1010 425 1096 magis
448 1009 643 1094 increpitans
668 1014 819 1094 suspecta
842 1009 973 1076 silentis
995 1015 1118 1095 perstet
1193 1023 1219 1072 31

238 1097 411 1185 Antigone,
435 1098 652 1182 comitemque
674 1120 825 1183 premens
848 1100 1031 1185 ipsamque3
1054 1100 1109 1163 sed
1130 1097 1208 1164 ambo

238 1188 391 1254 deficiunt
413 1187 534 1271 fixique
558 1188 662 1252 silent.
708 1188 839 1252 tandem
864 1211 920 1254 ore
943 1189 1062 1254 retexit

237 1276 346 1361 Argia,
373 1298 553 1360 corpusque
576 1281 684 1342 temen
708 1277 866 1362 conplexa
889 1278 1053 1361 profatur:

237 1367 277 1429 ‘si
301 1366 378 1450 quid
402 1366 436 1430 in
459 1366 522 1430 hoc
545 1368 647 1431 veteri
670 1366 1012 1453 bellorumsenguine
1035 1389 1153 1433 mecum

236 1458 422 1538 quaesitura
444 1456 543 1538 venis,
567 1454 594 1519 si
618 1459 656 1520 tu
679 1476 808 1539 quoque
832 1455 913 1520 dure
937 1454 1086 1521 Creontis
1188 1467 1210 1515 11

235 1544 323 1608 iussa
346 1545 451 1630 times,
472 1565 605 1628 possum
629 1544 690 1609 tibi
713 1566 763 1609 me
787 1544 909 1609 confise
931 1545 1036 1610 fateri.

236 1633 264 1696 si
287 1633 405 1698 misere
428 1654 462 1712 es
485 1671 529 1679 —
553 1637 639 1698 certe
663 1633 813 1698 lacrimas
835 1635 1044 1718 lamentaque
1067 1653 1153 1699 cerno
1169 1665 1208 1712 -‚

235 1722 343 1807 iunge,
367 1745 434 1808 ege,
458 1722 556 1807 iunge
580 1723 690 1787 fidem:
713 1722 821 1807 proles
844 1743 905 1808 ego
930 1723 1021 1809 regie
1041 1722 1162 1787 Adrasti
1176 1752 1208 1766 ·-

235 1813 265 1874 ei
294 1812 388 1875 mihi!
421 1833 499 1875 num
524 1812 596 1895 quis
620 1812 732 1876 adest?
754 1848 799 1858 —
822 1811 888 1876 ceri
911 1811 1076 1897 Polynicis
1099 1811 1135 1876 cd
1154 1806 1207 1895 igni

238 1901 299 1964 etsi
322 1923 422 1986 regna
445 1902 575 1964 vetant?
623 1903 751 1984 stupuit
774 1899 926 1965 Cadmeia
949 1903 1044 1989 virgo
1188 1909 1207 1960 11

236 1990 468 2072 intremuitque
492 1991 599 2074 simul,
622 1990 846 2073 dicentemque
870 1995 1008 2075 occupet
1030 1992 1125 2055 ultro:

235 2079 339 2143 ‘mene
361 2079 462 2164 igitur
486 2080 605 2143 sociam
627 2116 671 2125 -
696 2100 754 2163 pro
778 2079 846 2143 fors
869 2079 996 2164 ignora!
1023 2117 1063 2125 —
1086 2078 1206 2142 malorur

235 2189 327 2231 mene
350 2167 468 2231 times?
501 2190 572 2232 mee
595 2168 741 2233 membra
763 2172 862 2249 tenes,
888 2191 960 2233 mee
983 2169 1096 2234 funere
1116 2159 1206 2250 plangi

235 2256 323 2339 cedo,
346 2260 429 2338 tene,
452 2257 552 2339 pudet
575 2257 651 2321 heu!
684 2257 789 2341 pietas
811 2255 930 2342 igneve
954 2258 1087 2322 sororis!

235 2346 315 2409 haec
334 2346 423 2428 prior
441 2346 510 2408 -1’
540 2345 594 2409 hic
612 2346 733 2428 pariter
751 2347 861 2429 lapsae
880 2346 1055 2430 iunctoque
1073 2368 1128 2429 per
1143 2345 1205 2427 ipsu

236 2434 386 2519 amplexu
409 2434 545 2498 miscent
568 2436 680 2499 avidae
703 2435 917 2518 lacrimasque
941 2457 1120 2518 comasque,
1189 2445 1204 2493 3

305 2632 358 2679 374
377 2628 465 2681 Prisc.
486 2625 532 2678 GL
550 2625 697 2693 1133312
726 2631 851 2697 (propter
874 2630 1028 2683 ablativum
1053 2627 1147 2695 veteri)
1170 2623 1203 2676 ide

234 2699 263 2750 in
282 2697 345 2752 XII:
367 2698 390 2752 si
409 2697 534 2767 quid
551 2696 575 2749 si
595 2699 664 2764 quid
684 2716 740 2752 non
759 2698 847 2752 fende
867 2698 995 2753 Gerontis
1015 2700 1091 2753 insse
1109 2699 1180 2752 times

306 2866 357 2913 365
373 2878 390 2912 e
404 2877 471 2914 eros.
487 2862 518 2912 io
533 2863 565 2913 B:
581 2877 631 2914 om.
648 2864 709 2911 Lbr
774 2866 824 2971 386
840 2876 913 2928 ques
927 2866 960 2912 P:
981 2876 1064 2927 quem
1079 2877 1118 2913 w:
1136 2853 1192 2925 quid

725 2944 777 2980 pers
789 2944 803 2972 8

287 2984 399 3049 quoeris
422 3001 456 3037 eo
478 3000 520 3037 -es
539 2984 570 3035 b¹
643 2989 696 3038 370
715 2987 810 3054 postet
828 2985 862 3036 B¹
936 2990 988 3038 372
1008 2984 1093 3038 silent
1111 3000 1142 3038 ec
1157 2996 1191 3033 so·

288 3059 338 3106 373
358 3055 535 3125 ρ1038ξ31111
607 3061 658 3108 373
678 3058 710 3109 tu
729 3058 800 3110 inter
820 3058 868 3110 lin.
889 3056 920 3107 0¹
975 3055 999 3108 si
1015 3054 1084 3124 quid
1097 3051 1198 3108 nonfu

233 3161 356 3213 catones
376 3163 464 3216 nee.
548 3167 599 3214 8111
626 3162 706 3232 regie
730 3162 870 3216 moerus:
898 3140 978 3231 regit
1000 3164 1047 3217 1²12
1074 3162 1146 3232 regn
1165 3175 1187 3210 ω

233 3236 285 3284 379
305 3250 372 3285 num
392 3250 432 3286 m:
453 3238 561 3286 nuncl’
617 3232 654 3286 sd
668 3239 734 3288 Pro:
757 3235 786 3287 et
804 3231 1187 3302 888813808111818187811.59

232 3302 356 3370 ignesr
446 3309 497 3356 380
525 3306 713 3374 regnauerant
736 3305 769 3357 Ρ1
860 3311 912 3359 382
937 3305 1065 3375 egiturr
1126 3295 1196 3373 prof*

232 3411 276 3476 (esc
304 3425 363 3462 sors
388 3411 431 3478 0¹)
451 3428 492 3464 ωε
520 3410 628 3478 profers
651 3417 671 3463 P
743 3389 878 3479 melordm
903 3411 937 3471 0¹
1029 3416 1081 3465 383
1106 3410 1194 3464 Mene

231 3484 330 3549 Meque
348 3487 380 3534 1³:
400 3482 445 3534 Me
461 3488 477 3533 8
551 3487 602 3535 384
622 3486 687 3536 38118
703 3484 797 3553 (38ξ1ε
817 3485 865 3536 3811
880 3484 1054 3552 Peyraredus
1068 3483 1143 3550 mole)
1157 3490 1193 3547 pu

231 3604 272 3639 ωε
288 3588 353 3640 38118
367 3587 475 3654 pudeat
488 3594 520 3640 P:
536 3591 600 3641 tene
615 3588 671 3642 heu
685 3589 794 3658 pudeat
813 3590 978 3645 Wslkinsiuo
991 3591 1062 3644 mole
1110 3563 1187 3658 pilus

280 3657 374 3732 pudet
392 3657 449 3713 fuit
468 3659 579 3730 cupitus
597 3659 714 3730 ignavie
728 3661 829 3715 sororis
844 3665 860 3712 b
934 3665 986 3714 388
1002 3659 1186 3771 iunmffl

210 3795 272 3848 388
286 3790 455 3865 Amplexus
470 3799 482 3847 t
542 3788 727 3845 evideerm:
745 3784 793 3837 -de
811 3800 880 3848 μνς
892 3784 1097 3835 Kentourinon.
1108 3779 1188 3834 sudes

134 3962 153 4004 Ι
