2684 4317
470 409 677 465 rueramus
695 390 762 466 um.
777 411 836 466 vu.
1095 412 1162 476 279

169 571 304 638 tribus:
331 593 404 638 ecce
429 573 493 638 alte
515 595 669 658 praeceps
693 574 810 638 humus
834 596 889 639 ore
912 574 1073 658 profundo

169 660 264 745 ssilit,
288 663 391 746 inque
414 663 518 727 vicem
541 664 720 727 timuerunt
743 663 848 729 sidera
870 668 903 728 et
925 664 1066 728 umbrae.

169 771 228 814 mm
251 752 371 838 ingens
394 751 504 816 haurit
528 773 642 835 specus
666 756 699 817 et
721 753 858 816 transire
882 754 1025 836 parantis

169 840 256 925 urgit
279 861 396 926 equ0s3
419 862 485 904 non
508 863 597 906 arma
620 864 727 924 manu,
749 863 816 905 non
838 841 929 905 frena
952 842 1089 908 remisit:

169 927 224 993 icut
247 935 325 1012 crat,
348 934 454 994 rectos
478 930 581 994 defert
604 930 638 992 in
661 929 796 995 Tartara
819 951 930 995 currus
1108 947 1161 996 820

169 1019 344 1103 aspexitque
368 1017 483 1083 cadens
508 1022 632 1085 caelum
656 1040 870 1102 campumque
893 1020 978 1084 coire

169 1104 307 1192 mgemuit‚
331 1108 433 1173 donec
455 1109 559 1172 levior
582 1108 734 1172 distantia
756 1129 868 1173 rursus

170 1195 272 1261 miscuit
294 1219 372 1262 arva
395 1201 517 1262 tremor
539 1197 709 1281 lucemque
733 1197 871 1262 exclusit
893 1197 1031 1262 Averno.

221 1410 264 1460 815
274 1425 314 1477 sq.
334 1409 370 1475 cs.
384 1407 457 1463 Seru.
472 1407 541 1462 Aen.
557 1414 582 1477 8,
592 1415 643 1462 297
664 1407 715 1461 alii
732 1408 880 1478 pueriliter
897 1409 996 1463 volunt
1009 1425 1027 1462 a
1041 1409 1160 1464 Cerbero

176 1473 305 1544 Amphiarai
325 1495 389 1533 ossa
410 1479 549 1547 consumi,
573 1480 623 1549 qui
645 1479 727 1533 hiatu
750 1482 841 1534 terrac
865 1481 1019 1534 secundum
1038 1480 1161 1535 Statium

176 1544 287 1603 ducendit
305 1550 343 1604 ad
362 1549 474 1606 inferos.
512 1551 547 1617 cf.
563 1551 650 1605 etiam
669 1552 756 1607 Sctcl.
772 1551 820 1606 Ov.
834 1552 875 1606 Ib.
890 1557 942 1605 354
961 1559 987 1607 et
1004 1557 1056 1604 443

224 1748 265 1799 816
281 1748 347 1817 {cre
366 1747 445 1817 (Μ
518 1751 569 1800 818
588 1733 704 1814 baudrit
717 1748 752 1804 1²¹
804 1751 972 1818 parantes?
1027 1753 1077 1801 823
1093 1765 1161 1804 arva

178 1829 226 1892 (viu
236 1837 321 1905 recl}
374 1834 494 1890 exclusit
508 1854 549 1891 m:
567 1837 676 1890 excusit
689 1844 709 1890 Ρ
759 1837 910 1891 STATIUS
924 1823 1021 1890 THEB
1036 1823 1095 1891 1211'3
1109 1837 1162 1892 VII

178 1896 322 1960 lxrucm·
336 1905 484 1979 lINOIPIT
501 1908 611 1962 LIBER
624 1908 705 1962 VIII·
724 1915 745 1961 Ρ
