<?xml version="1.0" encoding="UTF-8"?>
<!DOCTYPE html PUBLIC "-//W3C//DTD XHTML 1.0 Transitional//EN"
    "http://www.w3.org/TR/xhtml1/DTD/xhtml1-transitional.dtd">
<html xmlns="http://www.w3.org/1999/xhtml" xml:lang="en" lang="en">
 <head>
  <title>
</title>
<meta http-equiv="Content-Type" content="text/html;charset=utf-8" />
  <meta name='ocr-system' content='tesseract 3.04.00' />
  <meta name='ocr-capabilities' content='ocr_page ocr_carea ocr_par ocr_line ocrx_word'/>
</head>
<body>
  <div class='ocr_page' id='page_1' title='image "./ppapinistatithe00klotgoog_0416.png"; bbox 0 0 2684 4317; ppageno 0'>
   <div class='ocr_carea' id='block_1_1' title="bbox 211 372 877 439">
    <p class='ocr_par' dir='ltr' id='par_1_1' title="bbox 211 372 877 439">
     <span class='ocr_line' id='line_1_1' title="bbox 211 372 877 439; baseline 0.003 -14"><span class='ocrx_word' id='word_1_1' title='bbox 211 373 278 439; x_wconf 85' lang='lat'>334</span> <span class='ocrx_word' id='word_1_2' title='bbox 578 373 609 428; x_wconf 89' lang='lat' dir='ltr'>P.</span> <span class='ocrx_word' id='word_1_3' title='bbox 626 372 750 429; x_wconf 81' lang='lat' dir='ltr'>PAPINI</span> <span class='ocrx_word' id='word_1_4' title='bbox 768 372 877 427; x_wconf 81' lang='lat' dir='ltr'>STATI</span> 
     </span>
    </p>
   </div>
   <div class='ocr_carea' id='block_1_2' title="bbox 208 536 1083 2580">
    <p class='ocr_par' dir='ltr' id='par_1_2' title="bbox 208 536 1083 2223">
     <span class='ocr_line' id='line_1_2' title="bbox 210 536 1056 620; baseline 0 -19"><span class='ocrx_word' id='word_1_5' title='bbox 210 537 267 601; x_wconf 93' lang='lat' dir='ltr'>illa</span> <span class='ocrx_word' id='word_1_6' title='bbox 289 541 399 601; x_wconf 89' lang='lat' dir='ltr'>tamen</span> <span class='ocrx_word' id='word_1_7' title='bbox 420 557 572 620; x_wconf 79' lang='lat' dir='ltr'>praeceps</span> <span class='ocrx_word' id='word_1_8' title='bbox 595 537 631 600; x_wconf 90' lang='lat' dir='ltr'>in</span> <span class='ocrx_word' id='word_1_9' title='bbox 653 537 719 600; x_wconf 88' lang='lat' dir='ltr'>tela</span> <span class='ocrx_word' id='word_1_10' title='bbox 742 536 879 601; x_wconf 84' lang='lat' dir='ltr'>offendit</span> <span class='ocrx_word' id='word_1_11' title='bbox 902 542 937 601; x_wconf 92' lang='lat' dir='ltr'>et</span> <span class='ocrx_word' id='word_1_12' title='bbox 961 559 1056 601; x_wconf 84' lang='lat' dir='ltr'><strong>enses</strong></span> 
     </span>
     <span class='ocr_line' id='line_1_3' title="bbox 210 625 1037 711; baseline 0 -21"><span class='ocrx_word' id='word_1_13' title='bbox 210 630 437 711; x_wconf 82' lang='lat' dir='ltr'>scrutaturque</span> <span class='ocrx_word' id='word_1_14' title='bbox 459 647 557 690; x_wconf 86' lang='lat' dir='ltr'>manu</span> <span class='ocrx_word' id='word_1_15' title='bbox 581 625 689 710; x_wconf 80' lang='lat' dir='ltr'>galeas</span> <span class='ocrx_word' id='word_1_16' title='bbox 713 629 746 689; x_wconf 91' lang='lat' dir='ltr'>et</span> <span class='ocrx_word' id='word_1_17' title='bbox 767 647 873 711; x_wconf 88' lang='lat' dir='ltr'>prona</span> <span class='ocrx_word' id='word_1_18' title='bbox 896 625 1037 690; x_wconf 76' lang='lat' dir='ltr'>reclinat</span> 
     </span>
     <span class='ocr_line' id='line_1_4' title="bbox 209 714 1069 800; baseline 0.001 -21"><span class='ocrx_word' id='word_1_19' title='bbox 209 736 360 800; x_wconf 79' lang='lat' dir='ltr'>eorpora3</span> <span class='ocrx_word' id='word_1_20' title='bbox 382 736 442 779; x_wconf 88' lang='lat' dir='ltr'>nee</span> <span class='ocrx_word' id='word_1_21' title='bbox 464 718 565 798; x_wconf 87' lang='lat' dir='ltr'>ponto</span> <span class='ocrx_word' id='word_1_22' title='bbox 590 714 740 778; x_wconf 89' lang='lat' dir='ltr'>submota</span> <span class='ocrx_word' id='word_1_23' title='bbox 762 715 901 778; x_wconf 89' lang='lat' dir='ltr'>intrarat</span> <span class='ocrx_word' id='word_1_24' title='bbox 926 737 1069 780; x_wconf 88' lang='lat' dir='ltr'>amaram</span> 
     </span>
     <span class='ocr_line' id='line_1_5' title="bbox 209 803 1045 887; baseline -0.001 -18"><span class='ocrx_word' id='word_1_25' title='bbox 209 804 341 887; x_wconf 79' lang='lat' dir='ltr'>Dorida,</span> <span class='ocrx_word' id='word_1_26' title='bbox 364 825 549 887; x_wconf 90' lang='lat' dir='ltr'>possessum</span> <span class='ocrx_word' id='word_1_27' title='bbox 574 803 677 868; x_wconf 87' lang='lat' dir='ltr'>donee</span> <span class='ocrx_word' id='word_1_28' title='bbox 700 804 763 868; x_wconf 88' lang='lat' dir='ltr'>iem</span> <span class='ocrx_word' id='word_1_29' title='bbox 787 803 944 868; x_wconf 89' lang='lat' dir='ltr'>fluetibus</span> <span class='ocrx_word' id='word_1_30' title='bbox 968 803 1045 868; x_wconf 84' lang='lat' dir='ltr'>altis</span> 
     </span>
     <span class='ocr_line' id='line_1_6' title="bbox 208 891 1058 977; baseline -0.001 -19"><span class='ocrx_word' id='word_1_31' title='bbox 208 892 385 958; x_wconf 83' lang='lat' dir='ltr'>Nereidum</span> <span class='ocrx_word' id='word_1_32' title='bbox 408 893 559 956; x_wconf 90' lang='lat' dir='ltr'>miserata</span> <span class='ocrx_word' id='word_1_33' title='bbox 583 893 698 957; x_wconf 82' lang='lat' dir='ltr'><strong>cohors</strong></span> <span class='ocrx_word' id='word_1_34' title='bbox 722 891 762 956; x_wconf 90' lang='lat' dir='ltr'>ad</span> <span class='ocrx_word' id='word_1_35' title='bbox 784 897 919 977; x_wconf 79' lang='lat' dir='ltr'>pectora</span> <span class='ocrx_word' id='word_1_36' title='bbox 942 895 1058 958; x_wconf 85' lang='lat' dir='ltr'>matris</span> 
     </span>
     <span class='ocr_line' id='line_1_7' title="bbox 208 981 1083 1067; baseline 0.002 -21"><span class='ocrx_word' id='word_1_37' title='bbox 208 982 337 1067; x_wconf 79' lang='lat' dir='ltr'><strong>inpulit.</strong></span> <span class='ocrx_word' id='word_1_38' title='bbox 383 981 440 1046; x_wconf 88' lang='lat' dir='ltr'>illa</span> <span class='ocrx_word' id='word_1_39' title='bbox 462 1003 560 1046; x_wconf 90' lang='lat' dir='ltr'>manu</span> <span class='ocrx_word' id='word_1_40' title='bbox 583 1002 640 1044; x_wconf 87' lang='lat' dir='ltr'>eeu</span> <span class='ocrx_word' id='word_1_41' title='bbox 664 981 774 1045; x_wconf 83' lang='lat' dir='ltr'>vivum</span> <span class='ocrx_word' id='word_1_42' title='bbox 797 982 948 1064; x_wconf 89' lang='lat' dir='ltr'>amplexa</span> <span class='ocrx_word' id='word_1_43' title='bbox 971 987 1083 1066; x_wconf 79' lang='lat' dir='ltr'>repert</span> 
     </span>
     <span class='ocr_line' id='line_1_8' title="bbox 209 1069 1076 1155; baseline 0 -19"><span class='ocrx_word' id='word_1_44' title='bbox 209 1072 423 1155; x_wconf 80' lang='lat' dir='ltr'>insternitque</span> <span class='ocrx_word' id='word_1_45' title='bbox 445 1070 527 1135; x_wconf 86' lang='lat' dir='ltr'>toris</span> <span class='ocrx_word' id='word_1_46' title='bbox 550 1069 694 1154; x_wconf 90' lang='lat' dir='ltr'>riparum</span> <span class='ocrx_word' id='word_1_47' title='bbox 718 1073 815 1154; x_wconf 86' lang='lat' dir='ltr'>atque</span> <span class='ocrx_word' id='word_1_48' title='bbox 838 1071 952 1134; x_wconf 82' lang='lat' dir='ltr'>umida</span> <span class='ocrx_word' id='word_1_49' title='bbox 975 1072 1076 1136; x_wconf 85' lang='lat' dir='ltr'>sieoat</span> 
     </span>
     <span class='ocr_line' id='line_1_9' title="bbox 210 1158 1081 1243; baseline -0.001 -18"><span class='ocrx_word' id='word_1_50' title='bbox 210 1160 363 1225; x_wconf 89' lang='lat' dir='ltr'>mollibus</span> <span class='ocrx_word' id='word_1_51' title='bbox 387 1181 444 1224; x_wconf 93' lang='lat' dir='ltr'>ora</span> <span class='ocrx_word' id='word_1_52' title='bbox 466 1160 576 1242; x_wconf 85' lang='lat' dir='ltr'>comis,</span> <span class='ocrx_word' id='word_1_53' title='bbox 598 1163 697 1243; x_wconf 86' lang='lat' dir='ltr'>atque</span> <span class='ocrx_word' id='word_1_54' title='bbox 720 1159 799 1224; x_wconf 88' lang='lat' dir='ltr'>haee</span> <span class='ocrx_word' id='word_1_55' title='bbox 821 1158 1007 1225; x_wconf 88' lang='lat' dir='ltr'>ululatibus</span> <span class='ocrx_word' id='word_1_56' title='bbox 1031 1160 1081 1224; x_wconf 87' lang='lat' dir='ltr'>ad‹</span> 
     </span>
     <span class='ocr_line' id='line_1_10' title="bbox 209 1248 1008 1332; baseline -0.003 -17"><span class='ocrx_word' id='word_1_57' title='bbox 209 1249 284 1315; x_wconf 77' lang='lat' dir='ltr'>‘hoe</span> <span class='ocrx_word' id='word_1_58' title='bbox 307 1249 369 1313; x_wconf 91' lang='lat' dir='ltr'>tibi</span> <span class='ocrx_word' id='word_1_59' title='bbox 392 1249 524 1313; x_wconf 88' lang='lat' dir='ltr'>semidei</span> <span class='ocrx_word' id='word_1_60' title='bbox 546 1270 664 1313; x_wconf 89' lang='lat' dir='ltr'>munus</span> <span class='ocrx_word' id='word_1_61' title='bbox 688 1248 830 1312; x_wconf 84' lang='lat' dir='ltr'>tribuere</span> <span class='ocrx_word' id='word_1_62' title='bbox 853 1253 1008 1332; x_wconf 88' lang='lat' dir='ltr'>parentes</span> 
     </span>
     <span class='ocr_line' id='line_1_11' title="bbox 210 1337 1078 1425; baseline -0.001 -22"><span class='ocrx_word' id='word_1_63' title='bbox 210 1360 269 1403; x_wconf 87' lang='lat' dir='ltr'>nee</span> <span class='ocrx_word' id='word_1_64' title='bbox 291 1339 438 1402; x_wconf 85' lang='lat' dir='ltr'>mortalis</span> <span class='ocrx_word' id='word_1_65' title='bbox 462 1339 563 1402; x_wconf 80' lang='lat' dir='ltr'>avus?</span> <span class='ocrx_word' id='word_1_66' title='bbox 587 1338 632 1402; x_wconf 87' lang='lat' dir='ltr'>sio</span> <span class='ocrx_word' id='word_1_67' title='bbox 655 1342 768 1401; x_wconf 89' lang='lat' dir='ltr'>nostro</span> <span class='ocrx_word' id='word_1_68' title='bbox 792 1337 827 1402; x_wconf 89' lang='lat' dir='ltr'>in</span> <span class='ocrx_word' id='word_1_69' title='bbox 851 1339 984 1424; x_wconf 83' lang='lat' dir='ltr'>gurgite</span> <span class='ocrx_word' id='word_1_70' title='bbox 1008 1361 1078 1425; x_wconf 84' lang='lat' dir='ltr'>regi</span> 
     </span>
     <span class='ocr_line' id='line_1_12' title="bbox 209 1425 1035 1511; baseline 0 -19"><span class='ocrx_word' id='word_1_71' title='bbox 209 1427 320 1492; x_wconf 90' lang='lat' dir='ltr'>mitior</span> <span class='ocrx_word' id='word_1_72' title='bbox 342 1429 421 1491; x_wconf 89' lang='lat' dir='ltr'>haee</span> <span class='ocrx_word' id='word_1_73' title='bbox 443 1428 560 1491; x_wconf 90' lang='lat' dir='ltr'>misero</span> <span class='ocrx_word' id='word_1_74' title='bbox 585 1425 708 1490; x_wconf 81' lang='lat' dir='ltr'>discors</span> <span class='ocrx_word' id='word_1_75' title='bbox 732 1425 902 1509; x_wconf 86' lang='lat' dir='ltr'>alienaque</span> <span class='ocrx_word' id='word_1_76' title='bbox 925 1427 1035 1511; x_wconf 87' lang='lat' dir='ltr'>tellus,</span> 
     </span>
     <span class='ocr_line' id='line_1_13' title="bbox 209 1515 1075 1601; baseline -0.001 -20"><span class='ocrx_word' id='word_1_77' title='bbox 209 1517 321 1582; x_wconf 90' lang='lat' dir='ltr'>mitior</span> <span class='ocrx_word' id='word_1_78' title='bbox 343 1517 430 1580; x_wconf 87' lang='lat' dir='ltr'>unda</span> <span class='ocrx_word' id='word_1_79' title='bbox 452 1516 560 1598; x_wconf 89' lang='lat' dir='ltr'>maris,</span> <span class='ocrx_word' id='word_1_80' title='bbox 584 1537 665 1600; x_wconf 83' lang='lat' dir='ltr'>quae</span> <span class='ocrx_word' id='word_1_81' title='bbox 689 1516 781 1579; x_wconf 85' lang='lat' dir='ltr'>iuxta</span> <span class='ocrx_word' id='word_1_82' title='bbox 802 1515 939 1579; x_wconf 87' lang='lat' dir='ltr'>flumina</span> <span class='ocrx_word' id='word_1_83' title='bbox 964 1538 1075 1601; x_wconf 63' lang='lat' dir='ltr'>eorpus</span> 
     </span>
     <span class='ocr_line' id='line_1_14' title="bbox 210 1605 1070 1688; baseline 0.002 -20"><span class='ocrx_word' id='word_1_84' title='bbox 210 1605 337 1670; x_wconf 90' lang='lat' dir='ltr'>rettulit</span> <span class='ocrx_word' id='word_1_85' title='bbox 360 1609 391 1669; x_wconf 93' lang='lat' dir='ltr'>et</span> <span class='ocrx_word' id='word_1_86' title='bbox 415 1605 564 1669; x_wconf 86' lang='lat' dir='ltr'>miseram</span> <span class='ocrx_word' id='word_1_87' title='bbox 588 1605 658 1668; x_wconf 85' lang='lat' dir='ltr'>vise</span> <span class='ocrx_word' id='word_1_88' title='bbox 681 1608 866 1687; x_wconf 81' lang='lat' dir='ltr'>expectasse</span> <span class='ocrx_word' id='word_1_89' title='bbox 889 1610 1070 1688; x_wconf 86' lang='lat' dir='ltr'>parentem.</span> 
     </span>
     <span class='ocr_line' id='line_1_15' title="bbox 209 1692 1037 1778; baseline 0 -19"><span class='ocrx_word' id='word_1_90' title='bbox 209 1693 286 1759; x_wconf 90' lang='lat' dir='ltr'>hine</span> <span class='ocrx_word' id='word_1_91' title='bbox 308 1695 371 1759; x_wconf 92' lang='lat' dir='ltr'>mei</span> <span class='ocrx_word' id='word_1_92' title='bbox 395 1693 526 1758; x_wconf 85' lang='lat' dir='ltr'>vultus?</span> <span class='ocrx_word' id='word_1_93' title='bbox 549 1693 628 1757; x_wconf 85' lang='lat' dir='ltr'>haee</span> <span class='ocrx_word' id='word_1_94' title='bbox 652 1695 738 1758; x_wconf 86' lang='lat' dir='ltr'>torvi</span> <span class='ocrx_word' id='word_1_95' title='bbox 761 1692 884 1757; x_wconf 90' lang='lat' dir='ltr'>lumina</span> <span class='ocrx_word' id='word_1_96' title='bbox 907 1694 1037 1778; x_wconf 85' lang='lat' dir='ltr'>patris?</span> 
     </span>
     <span class='ocr_line' id='line_1_16' title="bbox 209 1780 1030 1866; baseline -0.001 -17"><span class='ocrx_word' id='word_1_97' title='bbox 209 1784 245 1849; x_wconf 93' lang='lat' dir='ltr'>hi</span> <span class='ocrx_word' id='word_1_98' title='bbox 269 1785 372 1848; x_wconf 89' lang='lat' dir='ltr'>erines</span> <span class='ocrx_word' id='word_1_99' title='bbox 395 1783 548 1847; x_wconf 85' lang='lat' dir='ltr'>undantis</span> <span class='ocrx_word' id='word_1_100' title='bbox 571 1782 645 1846; x_wconf 79' lang='lat' dir='ltr'>avi?</span> <span class='ocrx_word' id='word_1_101' title='bbox 668 1786 705 1846; x_wconf 94' lang='lat' dir='ltr'>tu</span> <span class='ocrx_word' id='word_1_102' title='bbox 728 1780 837 1845; x_wconf 90' lang='lat' dir='ltr'>nobile</span> <span class='ocrx_word' id='word_1_103' title='bbox 861 1783 1030 1866; x_wconf 88' lang='lat' dir='ltr'>quondam</span> 
     </span>
     <span class='ocr_line' id='line_1_17' title="bbox 209 1871 1069 1955; baseline 0.001 -19"><span class='ocrx_word' id='word_1_104' title='bbox 209 1873 369 1937; x_wconf 85' lang='lat' dir='ltr'>undarum</span> <span class='ocrx_word' id='word_1_105' title='bbox 393 1893 625 1954; x_wconf 87' lang='lat' dir='ltr'>nemorumque</span> <span class='ocrx_word' id='word_1_106' title='bbox 649 1871 756 1953; x_wconf 82' lang='lat' dir='ltr'>decus,</span> <span class='ocrx_word' id='word_1_107' title='bbox 780 1893 844 1954; x_wconf 90' lang='lat' dir='ltr'>quo</span> <span class='ocrx_word' id='word_1_108' title='bbox 869 1873 997 1955; x_wconf 87' lang='lat' dir='ltr'>sospite</span> <span class='ocrx_word' id='word_1_109' title='bbox 1021 1895 1069 1937; x_wconf 87' lang='lat' dir='ltr'>ma</span> 
     </span>
     <span class='ocr_line' id='line_1_18' title="bbox 211 1959 1004 2046; baseline 0.003 -22"><span class='ocrx_word' id='word_1_110' title='bbox 211 1961 284 2025; x_wconf 85' lang='lat' dir='ltr'>dive</span> <span class='ocrx_word' id='word_1_111' title='bbox 307 1966 339 2025; x_wconf 87' lang='lat' dir='ltr'>et</span> <span class='ocrx_word' id='word_1_112' title='bbox 361 1960 587 2044; x_wconf 84' lang='lat' dir='ltr'>Nympharum</span> <span class='ocrx_word' id='word_1_113' title='bbox 610 1959 707 2046; x_wconf 85' lang='lat' dir='ltr'>longe</span> <span class='ocrx_word' id='word_1_114' title='bbox 729 1961 842 2045; x_wconf 87' lang='lat' dir='ltr'>regine</span> <span class='ocrx_word' id='word_1_115' title='bbox 863 1959 1004 2026; x_wconf 88' lang='lat' dir='ltr'>ferebar.</span> 
     </span>
     <span class='ocr_line' id='line_1_19' title="bbox 210 2049 1067 2133; baseline 0.002 -19"><span class='ocrx_word' id='word_1_116' title='bbox 210 2051 274 2116; x_wconf 89' lang='lat' dir='ltr'>heu</span> <span class='ocrx_word' id='word_1_117' title='bbox 292 2051 423 2115; x_wconf 88' lang='lat' dir='ltr'>ubinam</span> <span class='ocrx_word' id='word_1_118' title='bbox 443 2049 497 2114; x_wconf 94' lang='lat' dir='ltr'>ille</span> <span class='ocrx_word' id='word_1_119' title='bbox 516 2050 667 2133; x_wconf 87' lang='lat' dir='ltr'>frequens</span> <span class='ocrx_word' id='word_1_120' title='bbox 686 2049 782 2113; x_wconf 91' lang='lat' dir='ltr'>modo</span> <span class='ocrx_word' id='word_1_121' title='bbox 802 2051 887 2113; x_wconf 87' lang='lat' dir='ltr'>eirea</span> <span class='ocrx_word' id='word_1_122' title='bbox 906 2051 1025 2115; x_wconf 89' lang='lat' dir='ltr'>limina</span> <span class='ocrx_word' id='word_1_123' title='bbox 1043 2075 1067 2116; x_wconf 89' lang='lat' dir='ltr'>n</span> 
     </span>
     <span class='ocr_line' id='line_1_20' title="bbox 210 2137 996 2223; baseline 0.001 -20"><span class='ocrx_word' id='word_1_124' title='bbox 210 2140 350 2204; x_wconf 86' lang='lat' dir='ltr'>ambitus</span> <span class='ocrx_word' id='word_1_125' title='bbox 374 2144 567 2223; x_wconf 88' lang='lat' dir='ltr'>orantesque</span> <span class='ocrx_word' id='word_1_126' title='bbox 589 2138 650 2201; x_wconf 92' lang='lat' dir='ltr'>tibi</span> <span class='ocrx_word' id='word_1_127' title='bbox 676 2138 794 2202; x_wconf 80' lang='lat' dir='ltr'>servire</span> <span class='ocrx_word' id='word_1_128' title='bbox 816 2137 996 2221; x_wconf 82' lang='lat' dir='ltr'>Napaeae?</span> 
     </span>
    </p>

    <p class='ocr_par' dir='ltr' id='par_1_3' title="bbox 210 2228 1062 2580">
     <span class='ocr_line' id='line_1_21' title="bbox 211 2228 1062 2311; baseline 0 -18"><span class='ocrx_word' id='word_1_129' title='bbox 211 2251 268 2293; x_wconf 89' lang='lat' dir='ltr'>our</span> <span class='ocrx_word' id='word_1_130' title='bbox 290 2251 376 2293; x_wconf 89' lang='lat' dir='ltr'>nune</span> <span class='ocrx_word' id='word_1_131' title='bbox 399 2232 441 2311; x_wconf 82' lang='lat' dir='ltr'>te,</span> <span class='ocrx_word' id='word_1_132' title='bbox 464 2228 578 2292; x_wconf 88' lang='lat' dir='ltr'>melius</span> <span class='ocrx_word' id='word_1_133' title='bbox 603 2249 697 2291; x_wconf 88' lang='lat' dir='ltr'>saevo</span> <span class='ocrx_word' id='word_1_134' title='bbox 721 2248 871 2291; x_wconf 85' lang='lat' dir='ltr'>mansura</span> <span class='ocrx_word' id='word_1_135' title='bbox 895 2230 1062 2311; x_wconf 88' lang='lat' dir='ltr'>profundo</span> 
     </span>
     <span class='ocr_line' id='line_1_22' title="bbox 211 2315 997 2403; baseline 0.003 -22"><span class='ocrx_word' id='word_1_136' title='bbox 211 2317 361 2403; x_wconf 84' lang='lat' dir='ltr'>amplexu</span> <span class='ocrx_word' id='word_1_137' title='bbox 383 2318 500 2382; x_wconf 88' lang='lat' dir='ltr'>misero</span> <span class='ocrx_word' id='word_1_138' title='bbox 524 2317 668 2399; x_wconf 66' lang='lat' dir='ltr'>tumulis</span> <span class='ocrx_word' id='word_1_139' title='bbox 693 2315 840 2399; x_wconf 82' lang='lat' dir='ltr'>Crenaee,</span> <span class='ocrx_word' id='word_1_140' title='bbox 863 2322 997 2401; x_wconf 84' lang='lat' dir='ltr'>reporto</span> 
     </span>
     <span class='ocr_line' id='line_1_23' title="bbox 210 2405 1049 2490; baseline 0.004 -20"><span class='ocrx_word' id='word_1_141' title='bbox 210 2429 277 2470; x_wconf 93' lang='lat' dir='ltr'>non</span> <span class='ocrx_word' id='word_1_142' title='bbox 300 2407 404 2470; x_wconf 75' lang='lat' dir='ltr'>mihi?</span> <span class='ocrx_word' id='word_1_143' title='bbox 427 2427 486 2469; x_wconf 88' lang='lat' dir='ltr'>nee</span> <span class='ocrx_word' id='word_1_144' title='bbox 508 2410 616 2469; x_wconf 84' lang='lat' dir='ltr'>tantae</span> <span class='ocrx_word' id='word_1_145' title='bbox 639 2406 740 2489; x_wconf 91' lang='lat' dir='ltr'>pudet</span> <span class='ocrx_word' id='word_1_146' title='bbox 762 2405 825 2468; x_wconf 89' lang='lat' dir='ltr'>heu</span> <span class='ocrx_word' id='word_1_147' title='bbox 848 2407 1049 2490; x_wconf 88' lang='lat' dir='ltr'>miseretque</span> 
     </span>
     <span class='ocr_line' id='line_1_24' title="bbox 212 2493 1061 2580; baseline 0.001 -21"><span class='ocrx_word' id='word_1_148' title='bbox 212 2496 294 2560; x_wconf 86' lang='lat' dir='ltr'>dure</span> <span class='ocrx_word' id='word_1_149' title='bbox 312 2495 450 2580; x_wconf 76' lang='lat' dir='ltr'>parens?</span> <span class='ocrx_word' id='word_1_150' title='bbox 476 2517 556 2577; x_wconf 85' lang='lat' dir='ltr'>quae</span> <span class='ocrx_word' id='word_1_151' title='bbox 579 2499 612 2558; x_wconf 87' lang='lat' dir='ltr'>te</span> <span class='ocrx_word' id='word_1_152' title='bbox 636 2493 702 2557; x_wconf 85' lang='lat' dir='ltr'>alta</span> <span class='ocrx_word' id='word_1_153' title='bbox 725 2498 756 2557; x_wconf 88' lang='lat' dir='ltr'>et</span> <span class='ocrx_word' id='word_1_154' title='bbox 780 2493 1001 2560; x_wconf 87' lang='lat' dir='ltr'>ineluetabilis</span> <span class='ocrx_word' id='word_1_155' title='bbox 1026 2497 1061 2560; x_wconf 88' lang='lat' dir='ltr'>in</span> 
     </span>
    </p>
   </div>
   <div class='ocr_carea' id='block_1_3' title="bbox 191 2683 1057 2851">
    <p class='ocr_par' dir='ltr' id='par_1_4' title="bbox 191 2683 1057 2851">
     <span class='ocr_line' id='line_1_25' title="bbox 191 2683 1057 2792; baseline 0.002 -15"><span class='ocrx_word' id='word_1_156' title='bbox 191 2736 194 2743; x_wconf 83' lang='lat'>&#39;</span> <span class='ocrx_word' id='word_1_157' title='bbox 284 2729 335 2778; x_wconf 85' lang='grc'>369</span> <span class='ocrx_word' id='word_1_158' title='bbox 354 2683 474 2777; x_wconf 64' lang='lat' dir='ltr'>reclinal</span> <span class='ocrx_word' id='word_1_159' title='bbox 488 2723 545 2792; x_wconf 85' lang='lat' dir='ltr'>(-li-</span> <span class='ocrx_word' id='word_1_160' title='bbox 558 2740 615 2777; x_wconf 76' lang='lat' dir='ltr'>raon</span> <span class='ocrx_word' id='word_1_161' title='bbox 629 2725 698 2777; x_wconf 77' lang='lat' dir='ltr'>satis</span> <span class='ocrx_word' id='word_1_162' title='bbox 708 2725 860 2791; x_wconf 76' lang='lat' dir='ltr'>perspicue)</span> <span class='ocrx_word' id='word_1_163' title='bbox 873 2723 920 2778; x_wconf 86' lang='lat' dir='ltr'>P¹:</span> <span class='ocrx_word' id='word_1_164' title='bbox 935 2725 1057 2779; x_wconf 82' lang='lat' dir='ltr'>reclinat</span> 
     </span>
     <span class='ocr_line' id='line_1_26' title="bbox 212 2795 1050 2851; baseline 0.001 -2"><span class='ocrx_word' id='word_1_165' title='bbox 212 2801 264 2849; x_wconf 90' lang='grc'>370</span> <span class='ocrx_word' id='word_1_166' title='bbox 279 2797 419 2849; x_wconf 89' lang='lat' dir='ltr'>summota</span> <span class='ocrx_word' id='word_1_167' title='bbox 431 2800 451 2845; x_wconf 89' lang='lat' dir='ltr'>P</span> <span class='ocrx_word' id='word_1_168' title='bbox 496 2795 617 2848; x_wconf 85' lang='lat' dir='ltr'>intrarat</span> <span class='ocrx_word' id='word_1_169' title='bbox 627 2810 751 2848; x_wconf 87' lang='lat' dir='ltr'>amaram</span> <span class='ocrx_word' id='word_1_170' title='bbox 762 2796 906 2848; x_wconf 77' lang='lat' dir='ltr'>Klotziue:</span> <span class='ocrx_word' id='word_1_171' title='bbox 919 2795 1050 2851; x_wconf 87' lang='lat' dir='ltr'>intrabat</span> 
     </span>
    </p>
   </div>
   <div class='ocr_carea' id='block_1_4' title="bbox 211 2879 1055 2979">
    <p class='ocr_par' dir='ltr' id='par_1_5' title="bbox 211 2879 1055 2979">
     <span class='ocr_line' id='line_1_27' title="bbox 211 2879 1055 2979; baseline 0.004 -24"><span class='ocrx_word' id='word_1_172' title='bbox 211 2903 365 2979; x_wconf 76' lang='lat' dir='ltr'>intraverat</span> <span class='ocrx_word' id='word_1_173' title='bbox 375 2907 482 2954; x_wconf 77' lang='lat' dir='ltr'>arma?</span> <span class='ocrx_word' id='word_1_174' title='bbox 533 2906 583 2954; x_wconf 89' lang='grc'>371</span> <span class='ocrx_word' id='word_1_175' title='bbox 594 2879 739 2969; x_wconf 71' lang='lat' dir='ltr'>posseisum</span> <span class='ocrx_word' id='word_1_176' title='bbox 748 2908 782 2954; x_wconf 67' lang='lat'>1¹:</span> <span class='ocrx_word' id='word_1_177' title='bbox 798 2916 995 2970; x_wconf 63' lang='lat' dir='ltr'>possessum-pa:</span> <span class='ocrx_word' id='word_1_178' title='bbox 1007 2922 1055 2973; x_wconf 78' lang='lat' dir='ltr'>por</span> 
     </span>
    </p>
   </div>
   <div class='ocr_carea' id='block_1_5' title="bbox 212 2986 1051 3078">
    <p class='ocr_par' dir='ltr' id='par_1_6' title="bbox 212 2986 1051 3078">
     <span class='ocr_line' id='line_1_28' title="bbox 212 2986 1051 3078; baseline 0.001 -15"><span class='ocrx_word' id='word_1_179' title='bbox 212 3015 263 3063; x_wconf 82' lang='grc'>372</span> <span class='ocrx_word' id='word_1_180' title='bbox 285 2986 365 3062; x_wconf 71' lang='lat' dir='ltr'>bhors</span> <span class='ocrx_word' id='word_1_181' title='bbox 388 3008 413 3059; x_wconf 74' lang='lat'>1¹</span> <span class='ocrx_word' id='word_1_182' title='bbox 495 3013 545 3061; x_wconf 80' lang='grc'>373</span> <span class='ocrx_word' id='word_1_183' title='bbox 570 3025 620 3062; x_wconf 88' lang='lat' dir='ltr'>om.</span> <span class='ocrx_word' id='word_1_184' title='bbox 644 3009 686 3075; x_wconf 65' lang='lat'>12¹,</span> <span class='ocrx_word' id='word_1_185' title='bbox 711 3010 774 3062; x_wconf 83' lang='lat' dir='ltr'>edd.</span> <span class='ocrx_word' id='word_1_186' title='bbox 799 3008 895 3078; x_wconf 61' lang='lat' dir='ltr'>vray.</span> <span class='ocrx_word' id='word_1_187' title='bbox 963 3013 1051 3078; x_wconf 88' lang='lat' dir='ltr'>atque</span> 
     </span>
    </p>
   </div>
   <div class='ocr_carea' id='block_1_6' title="bbox 211 3095 1052 3307">
    <p class='ocr_par' dir='ltr' id='par_1_7' title="bbox 211 3095 1052 3307">
     <span class='ocr_line' id='line_1_29' title="bbox 212 3095 1052 3166; baseline 0 -14"><span class='ocrx_word' id='word_1_188' title='bbox 212 3100 297 3166; x_wconf 90' lang='lat' dir='ltr'>atque</span> <span class='ocrx_word' id='word_1_189' title='bbox 315 3098 356 3151; x_wconf 73' lang='lat'>1¹</span> <span class='ocrx_word' id='word_1_190' title='bbox 409 3095 566 3150; x_wconf 86' lang='lat' dir='ltr'>ululatibus</span> <span class='ocrx_word' id='word_1_191' title='bbox 586 3115 626 3151; x_wconf 72' lang='lat' dir='ltr'>er:</span> <span class='ocrx_word' id='word_1_192' title='bbox 650 3097 776 3150; x_wconf 89' lang='lat' dir='ltr'>-antibus</span> <span class='ocrx_word' id='word_1_193' title='bbox 795 3103 815 3148; x_wconf 84' lang='grc' dir='ltr'><strong>Ρ</strong></span> <span class='ocrx_word' id='word_1_194' title='bbox 894 3103 946 3151; x_wconf 89' lang='grc'>377</span> <span class='ocrx_word' id='word_1_195' title='bbox 967 3095 1052 3152; x_wconf 86' lang='lat' dir='ltr'>Ne⁰l</span> 
     </span>
     <span class='ocr_line' id='line_1_30' title="bbox 212 3168 1045 3242; baseline 0.002 -19"><span class='ocrx_word' id='word_1_196' title='bbox 212 3170 236 3223; x_wconf 91' lang='lat' dir='ltr'>si</span> <span class='ocrx_word' id='word_1_197' title='bbox 254 3176 274 3222; x_wconf 75' lang='lat'>1&gt;</span> <span class='ocrx_word' id='word_1_198' title='bbox 347 3174 398 3221; x_wconf 89' lang='grc'>378</span> <span class='ocrx_word' id='word_1_199' title='bbox 418 3185 467 3222; x_wconf 88' lang='lat' dir='ltr'>om.</span> <span class='ocrx_word' id='word_1_200' title='bbox 485 3186 513 3222; x_wconf 88' lang='grc' dir='ltr'>ω</span> <span class='ocrx_word' id='word_1_201' title='bbox 532 3169 607 3235; x_wconf 83' lang='lat' dir='ltr'>(add.</span> <span class='ocrx_word' id='word_1_202' title='bbox 623 3168 710 3237; x_wconf 70' lang='lat' dir='ltr'>W),</span> <span class='ocrx_word' id='word_1_203' title='bbox 729 3170 828 3224; x_wconf 80' lang='lat' dir='ltr'>babent</span> <span class='ocrx_word' id='word_1_204' title='bbox 841 3174 930 3234; x_wconf 61' lang='lat' dir='ltr'>th</span> <span class='ocrx_word' id='word_1_205' title='bbox 950 3171 1045 3242; x_wconf 79' lang='lat' dir='ltr'>b¹mp.</span> 
     </span>
     <span class='ocr_line' id='line_1_31' title="bbox 211 3239 1040 3307; baseline 0.004 -13"><span class='ocrx_word' id='word_1_206' title='bbox 211 3241 289 3294; x_wconf 90' lang='lat' dir='ltr'>unda</span> <span class='ocrx_word' id='word_1_207' title='bbox 307 3240 392 3294; x_wconf 87' lang='lat' dir='ltr'>maris</span> <span class='ocrx_word' id='word_1_208' title='bbox 412 3239 517 3294; x_wconf 82' lang='lat' dir='ltr'>discors</span> <span class='ocrx_word' id='word_1_209' title='bbox 537 3240 700 3307; x_wconf 87' lang='lat' dir='ltr'>alternaque</span> <span class='ocrx_word' id='word_1_210' title='bbox 718 3241 802 3294; x_wconf 90' lang='lat' dir='ltr'>tellus</span> <span class='ocrx_word' id='word_1_211' title='bbox 858 3246 910 3294; x_wconf 88' lang='grc'>380</span> <span class='ocrx_word' id='word_1_212' title='bbox 925 3240 1040 3297; x_wconf 86' lang='lat' dir='ltr'>Retulit</span> 
     </span>
    </p>
   </div>
   <div class='ocr_carea' id='block_1_7' title="bbox 211 3325 1048 3559">
    <p class='ocr_par' dir='ltr' id='par_1_8' title="bbox 211 3325 1048 3559">
     <span class='ocr_line' id='line_1_32' title="bbox 212 3325 1016 3415; baseline 0 -13"><span class='ocrx_word' id='word_1_213' title='bbox 212 3366 245 3402; x_wconf 83' lang='lat' dir='ltr'>ex</span> <span class='ocrx_word' id='word_1_214' title='bbox 262 3347 402 3401; x_wconf 89' lang='lat' dir='ltr'>Praetulit</span> <span class='ocrx_word' id='word_1_215' title='bbox 420 3347 453 3402; x_wconf 79' lang='lat' dir='ltr'>v²</span> <span class='ocrx_word' id='word_1_216' title='bbox 516 3349 701 3415; x_wconf 72' lang='lat' dir='ltr'>expectaret</span> <span class='ocrx_word' id='word_1_217' title='bbox 774 3353 824 3400; x_wconf 89' lang='grc'>381</span> <span class='ocrx_word' id='word_1_218' title='bbox 849 3325 961 3415; x_wconf 64' lang='lat' dir='ltr'>patritie</span> <span class='ocrx_word' id='word_1_219' title='bbox 981 3350 1016 3402; x_wconf 77' lang='lat'>1³1</span> 
     </span>
     <span class='ocr_line' id='line_1_33' title="bbox 211 3418 1048 3487; baseline 0.002 -15"><span class='ocrx_word' id='word_1_220' title='bbox 211 3419 323 3487; x_wconf 86' lang='lat' dir='ltr'>hospite</span> <span class='ocrx_word' id='word_1_221' title='bbox 337 3419 382 3472; x_wconf 78' lang='lat'>1³¹:</span> <span class='ocrx_word' id='word_1_222' title='bbox 403 3435 458 3486; x_wconf 91' lang='lat' dir='ltr'>quo</span> <span class='ocrx_word' id='word_1_223' title='bbox 477 3418 581 3486; x_wconf 89' lang='lat' dir='ltr'>sospite</span> <span class='ocrx_word' id='word_1_224' title='bbox 596 3435 630 3472; x_wconf 63' lang='lat' dir='ltr'>ere</span> <span class='ocrx_word' id='word_1_225' title='bbox 648 3435 718 3486; x_wconf 89' lang='lat' dir='ltr'>quos</span> <span class='ocrx_word' id='word_1_226' title='bbox 735 3419 783 3472; x_wconf 93' lang='lat' dir='ltr'>ho·</span> <span class='ocrx_word' id='word_1_227' title='bbox 797 3418 822 3470; x_wconf 74' lang='lat'>1²</span> <span class='ocrx_word' id='word_1_228' title='bbox 887 3424 939 3472; x_wconf 85' lang='grc'>384</span> <span class='ocrx_word' id='word_1_229' title='bbox 955 3419 1048 3476; x_wconf 87' lang='lat' dir='ltr'>fereba</span> 
     </span>
     <span class='ocr_line' id='line_1_34' title="bbox 276 3488 1047 3559; baseline 0.001 -15"><span class='ocrx_word' id='word_1_230' title='bbox 276 3496 326 3544; x_wconf 80' lang='lat'>385</span> <span class='ocrx_word' id='word_1_231' title='bbox 341 3489 404 3542; x_wconf 90' lang='lat' dir='ltr'>Heu</span> <span class='ocrx_word' id='word_1_232' title='bbox 413 3495 598 3555; x_wconf 69' lang='lat' dir='ltr'>PLsKllru:</span> <span class='ocrx_word' id='word_1_233' title='bbox 611 3488 688 3542; x_wconf 92' lang='lat' dir='ltr'>Heus</span> <span class='ocrx_word' id='word_1_234' title='bbox 699 3493 742 3559; x_wconf 74' lang='lat' dir='ltr'>(ea</span> <span class='ocrx_word' id='word_1_235' title='bbox 750 3489 812 3542; x_wconf 90' lang='lat' dir='ltr'>Heu</span> <span class='ocrx_word' id='word_1_236' title='bbox 822 3489 865 3558; x_wconf 79' lang='grc' dir='ltr'>ν’)</span> <span class='ocrx_word' id='word_1_237' title='bbox 876 3508 904 3543; x_wconf 87' lang='grc' dir='ltr'><em>ω</em></span> <span class='ocrx_word' id='word_1_238' title='bbox 956 3491 1047 3545; x_wconf 70' lang='lat' dir='ltr'>limine</span> 
     </span>
    </p>
   </div>
   <div class='ocr_carea' id='block_1_8' title="bbox 265 3573 1046 3667">
    <p class='ocr_par' dir='ltr' id='par_1_9' title="bbox 265 3573 1046 3667">
     <span class='ocr_line' id='line_1_35' title="bbox 265 3573 1046 3667; baseline 0.003 -17"><span class='ocrx_word' id='word_1_239' title='bbox 265 3597 364 3651; x_wconf 85' lang='lat' dir='ltr'>matris</span> <span class='ocrx_word' id='word_1_240' title='bbox 374 3614 415 3649; x_wconf 75' lang='lat' dir='ltr'>ro:</span> <span class='ocrx_word' id='word_1_241' title='bbox 425 3595 551 3649; x_wconf 76' lang='lat' dir='ltr'>fratris?</span> <span class='ocrx_word' id='word_1_242' title='bbox 606 3600 656 3650; x_wconf 85' lang='grc'>386</span> <span class='ocrx_word' id='word_1_243' title='bbox 668 3603 805 3650; x_wconf 81' lang='lat' dir='ltr'>servarec</span> <span class='ocrx_word' id='word_1_244' title='bbox 850 3573 943 3665; x_wconf 53' lang='lat' dir='ltr'>napeae</span> <span class='ocrx_word' id='word_1_245' title='bbox 954 3600 990 3651; x_wconf 74' lang='lat'>1¹:</span> <span class='ocrx_word' id='word_1_246' title='bbox 1007 3576 1046 3667; x_wconf 63' lang='lat' dir='ltr'>n}</span> 
     </span>
    </p>
   </div>
   <div class='ocr_carea' id='block_1_9' title="bbox 194 3674 1050 3838">
    <p class='ocr_par' dir='ltr' id='par_1_10' title="bbox 194 3674 1050 3838">
     <span class='ocr_line' id='line_1_36' title="bbox 201 3674 1045 3756; baseline -0.004 -12"><span class='ocrx_word' id='word_1_247' title='bbox 201 3696 258 3746; x_wconf 88' lang='grc'>387</span> <span class='ocrx_word' id='word_1_248' title='bbox 276 3705 416 3745; x_wconf 88' lang='lat' dir='ltr'>mansura</span> <span class='ocrx_word' id='word_1_249' title='bbox 429 3692 485 3742; x_wconf 74' lang='lat' dir='ltr'>Pu)</span> <span class='ocrx_word' id='word_1_250' title='bbox 504 3688 534 3756; x_wconf 69' lang='lat' dir='ltr'>li.</span> <span class='ocrx_word' id='word_1_251' title='bbox 553 3702 622 3756; x_wconf 70' lang='lat' dir='ltr'>qtae</span> <span class='ocrx_word' id='word_1_252' title='bbox 635 3684 730 3739; x_wconf 75' lang='lat' dir='ltr'>arelius</span> <span class='ocrx_word' id='word_1_253' title='bbox 743 3674 924 3753; x_wconf 48' lang='lat' dir='ltr'>exemissent:</span> <span class='ocrx_word' id='word_1_254' title='bbox 945 3704 1045 3741; x_wconf 89' lang='lat' dir='ltr'>mansu</span> 
     </span>
     <span class='ocr_line' id='line_1_37' title="bbox 194 3759 1050 3838; baseline -0.014 -16"><span class='ocrx_word' id='word_1_255' title='bbox 194 3769 225 3838; x_wconf 62' lang='grc' dir='ltr'>(τ’.</span> <span class='ocrx_word' id='word_1_256' title='bbox 246 3768 304 3838; x_wconf 81' lang='lat' dir='ltr'>qui</span> <span class='ocrx_word' id='word_1_257' title='bbox 320 3765 425 3822; x_wconf 80' lang='lat' dir='ltr'>melius</span> <span class='ocrx_word' id='word_1_258' title='bbox 443 3761 606 3828; x_wconf 55' lang='lat' dir='ltr'>maurusam</span> <span class='ocrx_word' id='word_1_259' title='bbox 625 3759 743 3826; x_wconf 76' lang='lat' dir='ltr'>fortusse</span> <span class='ocrx_word' id='word_1_260' title='bbox 760 3762 829 3809; x_wconf 83' lang='lat' dir='ltr'>reete</span> <span class='ocrx_word' id='word_1_261' title='bbox 895 3761 950 3806; x_wconf 63' lang='grc'>388</span> <span class='ocrx_word' id='word_1_262' title='bbox 964 3760 1050 3810; x_wconf 58' lang='lat' dir='ltr'>sumu</span> 
     </span>
    </p>
   </div>
   <div class='ocr_carea' id='block_1_10' title="bbox 0 0 1347 4317">
    <p class='ocr_par' dir='ltr' id='par_1_11' title="bbox 0 0 1347 4317">
     <span class='ocr_line' id='line_1_38' title="bbox 0 0 1347 4317; baseline 0 0"><span class='ocrx_word' id='word_1_263' title='bbox 0 0 1347 4317; x_wconf 95' lang='lat' dir='ltr'> </span> 
     </span>
    </p>
   </div>
  </div>
 </body>
</html>
