2684 4317
173 436 240 500 212
533 433 563 487 Ρ.
582 432 706 487 PAPINI
724 432 830 487 STATI

173 603 251 663 tunc
275 598 387 681 aperit,
410 597 482 682 quis
505 596 736 682 fulmsnagat,
760 597 833 680 quis
856 596 962 662 sidera
985 598 1083 662 ducat
1143 612 1169 662 se

174 687 316 771 spiritus,
339 686 424 750 unde
447 685 548 750 animi
570 685 687 769 fluviis,
710 707 793 770 qnae
815 686 936 771 pabula
959 687 1074 768 ventis,

174 798 239 860 quo
262 776 353 841 fonte
376 777 558 839 inmensum
581 775 670 840 vivat
692 796 791 858 mars,
814 798 896 859 qaae
918 777 972 840 via
995 775 1075 840 solis

172 865 365 951 praecipitet
387 867 526 948 noctem,
548 863 810 950 quaeporrigat,
833 866 940 930 imane
962 867 1061 929 tellus

173 978 215 1020 an
237 954 342 1019 media
365 958 398 1018 et
420 975 532 1018 rursm
555 954 677 1017 mundo
702 955 865 1019 succincta
887 954 1011 1019 latenti.

172 1044 248 1108 finis
271 1047 348 1126 erat,
372 1042 479 1107 differt
502 1042 746 1107 avidasaudire
769 1064 905 1126 sorores,
1139 1061 1169 1111 ee

173 1133 315 1216 dumque
338 1131 454 1216 chelyn
476 1133 568 1196 lauro
591 1135 782 1215 textumque
805 1132 944 1198 inlustre
966 1153 1105 1197 coronae

173 1222 316 1307 subligat
340 1225 370 1286 et
393 1223 480 1304 picto
505 1221 659 1307 discingit
680 1225 813 1304 pectora
835 1221 948 1305 limbo,

172 1311 258 1376 haud
282 1309 396 1394 procul
418 1308 609 1375 Herculeam
633 1308 777 1375 Nemeen
801 1311 941 1377 clamore
963 1311 1113 1377 reductus

174 1401 291 1485 aspicit
313 1404 410 1484 atque
433 1399 501 1464 illic
524 1401 637 1485 ingens
662 1400 848 1464 certaminis
871 1401 974 1466 instar

174 1489 367 1574 quadriiugi.
413 1489 520 1553 noscit
542 1492 684 1570 cunctos,
708 1492 741 1553 et
762 1487 847 1553 forte
869 1490 1056 1575 propinquo
1133 1505 1169 1554 ml

173 1580 386 1644 constiterant
408 1577 566 1641 Admetus
589 1582 622 1642 et
646 1577 862 1662 Amphiaraus
885 1581 921 1644 in
943 1600 1030 1645 arvo.

174 1674 252 1733 tuno
275 1690 396 1733 secum:
421 1667 581 1751 ‘quisnam
606 1668 668 1731 iste
691 1667 781 1751 duos,
804 1668 963 1733 fidissima
984 1669 1106 1734 Phoebi

172 1760 313 1840 nomina,
337 1756 498 1823 commisit
523 1757 600 1820 deus
623 1757 658 1821 in
681 1755 868 1821 discrimina
889 1759 1006 1844 reges?

173 1847 268 1911 ambo
293 1847 339 1931 pii
363 1847 491 1929 carique
515 1844 624 1929 ambo;
646 1867 804 1928 nequeam
826 1847 896 1929 ipse
917 1848 1060 1930 priorem

174 1937 287 2001 dicere.
333 1935 469 2000 Peliacis
492 1934 546 2000 hic
569 1957 643 2000 cum
666 1933 841 1999 famularer
862 1936 898 1999 in
921 1936 1007 2001 arvis
1036 1974 1071 1984 -
1130 1946 1168 1998 ml

174 2026 221 2089 sic
243 2024 331 2090 Iovis
354 2023 491 2108 imperia
514 2028 547 2088 et
569 2025 682 2108 nigrae
705 2023 835 2089 voluere
858 2022 993 2090 Sorores
1017 2064 1068 2104 —‚

173 2119 246 2179 tura
270 2114 367 2178 dabat
388 2114 510 2178 famulo
534 2134 592 2178 nec
614 2135 666 2176 me
690 2114 809 2178 sentire
831 2115 989 2180 minorem

174 2225 285 2287 ausum
309 2207 342 2267 at
364 2203 418 2266 hic
440 2202 605 2286 tripodum
629 2224 737 2266 comes
761 2208 793 2267 et
816 2204 889 2287 pius
904 2205 992 2268 artis
1016 2204 1147 2268 alumnas

247 2438 297 2486 361
317 2411 420 2484 rirentis
440 2430 474 2489 αι
549 2435 600 2483 362
619 2430 697 2484 vivat
715 2449 755 2485 m:
775 2431 891 2486 bibatl’
947 2432 1097 2492 soliarem:
1115 2428 1168 2483 soles

175 2523 216 2571 ω;
235 2512 303 2559 reete
321 2503 450 2557 distincti
464 2503 598 2568 Ineleoitns
669 2508 722 2556 363
741 2520 814 2571 quae
832 2523 873 2559 m:
893 2510 983 2571 quol’
1038 2499 1169 2558 immane!

229 2581 281 2629 364
296 2574 460 2685 subvectphll
516 2577 567 2627 366
578 2573 732 2641 Tanqueb
780 2575 893 2644 celynl’
938 2563 1169 2640 anlaumleflad

175 2703 264 2765 3,105
320 2697 529 2766 acrmsgnn':
545 2697 717 2767 discingi&
730 2701 858 2769 (gunni
897 2699 1025 2768 lymber
1075 2689 1169 2753 assiu!

175 2807 254 2859 mm
312 2782 474 2871 hecnam
493 2805 527 2857 ιι1
609 2810 659 2858 sse
685 2810 714 2860 m
732 2805 792 2859 rme
812 2811 861 2865 or
914 2806 1088 2880 rinengam
1104 2803 1132 2858 r

175 2919 228 2967 370
248 2891 414 2982 Quadriicigi
433 2913 467 2964 3¹
539 2916 590 2964 371
610 2913 793 2981 amphioraus
813 2920 842 2966 c:
862 2929 957 2967 arens
971 2913 996 2967 1¹
1069 2917 1116 2966 3⁷2
1130 2909 1169 2962 im

175 3003 209 3041 ea
227 2989 268 3038 -te
287 2984 330 3039 1³²:
358 2985 415 3037 ista
438 2986 469 3052 (a
488 2985 520 3037 in
537 2987 604 3052 ras.)
622 2983 662 3051 μ’
735 2984 805 3038 duos
828 2985 915 3054 ldae}
932 2987 993 3052 μν)
1017 3004 1058 3040 m:
1086 2982 1169 3038 duel:

176 3057 245 3111 duos
272 3057 373 3124 scripsi
399 3072 456 3110 non
483 3062 641 3126 corrzmetne
656 3057 694 3110 eis
721 3074 791 3124 qnae
818 3057 1001 3112 Hornmanne
1029 3058 1067 3112 ed
1089 3047 1169 3110 Mam

176 3134 206 3195 1,
221 3132 276 3182 792
304 3128 449 3181 adnotavit
468 3159 500 3165 —
520 3144 586 3179 riam
614 3127 669 3199 dno
703 3129 741 3182 ad
767 3129 975 3183 moestitudinem
1004 3129 1063 3182 δύο)
1089 3129 1169 3195 [Μ

176 3201 339 3254 Homericae
366 3205 496 3251 meatem
519 3215 573 3251 eme
596 3197 715 3252 Sonemer
737 3205 805 3254 reete
827 3201 935 3253 monuit
958 3200 1124 3266 (Handlmct
1137 3195 1168 3248 dd

176 3272 352 3326 lateinisclren
371 3271 459 3323 Laen-
478 3270 538 3322 nnd
556 3269 748 3324 Formenlehre
767 3275 852 3336 1902,
867 3288 898 3338 p.
913 3273 980 3337 493)
1003 3302 1046 3337 -,
1063 3271 1108 3326 ced
1122 3265 1169 3337 elil

175 3350 200 3398 et
217 3343 331 3410 fecelino
350 3341 405 3393 duo
425 3358 458 3394 ee
476 3340 546 3393 duos
565 3342 645 3396 nasei
656 3344 779 3410 poluisse
793 3343 881 3397 enaim
894 3349 934 3396 eet
946 3350 1063 3412 propter
1074 3343 1169 3398 vinnm

175 3421 303 3468 nentrnm
326 3412 440 3465 nomina
463 3419 487 3465 et
510 3426 579 3480 areae
601 3414 724 3481 eaempla
745 3420 813 3468 sent
829 3415 963 3468 tambicae
977 3415 1130 3483 prosodiae,
1150 3409 1169 3460 θ’*

176 3502 291 3540 comme
309 3485 445 3554 syllabam
464 3499 492 3536 -o
508 3491 630 3551 ponent:
654 3485 689 3538 Il.
706 3486 770 3538 Lat.
786 3489 842 3538 582
866 3485 1024 3553 Aiacesque
1047 3486 1100 3540 duo
1121 3480 1169 3536 mr

176 3560 205 3610 et
228 3557 278 3626 (sic
300 3562 368 3609 reete
392 3555 550 3622 Baehrens).
592 3556 655 3628 estem
676 3556 1169 3621 Mane.1‚79213mmscmmm

173 3629 232 3694 fere
249 3627 403 3682 neceesaria
417 3626 532 3691 videtne,
547 3632 579 3679 nt
592 3628 765 3698 inlellepatwr
780 3628 935 3696 oppositam
948 3645 1038 3683 unum
1090 3620 1168 3697 phoeb

163 3705 234 3754 Pes:
258 3699 376 3771 phoebo
395 3699 481 3761 DB³5
558 3702 610 3755 373
627 3699 755 3753 Nomina
768 3704 840 3753 ror.
853 3697 1003 3752 inmas
1018 3700 1109 3768 mosa.

201 3828 382 3887 ererum
444 3786 597 3889 sesiam
655 3818 1024 3884 mammea-anea
1063 3815 1169 3868 aaran
