2684 4317
443 416 612 472 EDITORIS
630 415 836 472 PRAEFATIO
1094 415 1156 470 XLI

169 588 255 645 ictum
272 585 464 646 emendatum
483 588 528 645 est
547 590 577 645 et
589 611 615 659 μ
635 591 721 660 atque
739 587 826 645 offert
843 606 898 662 pro
918 591 951 661 et,
970 606 1046 663 quae
1066 587 1154 646 lectio

169 678 323 735 coniecturae
346 675 448 735 deberi
470 675 602 751 videtur,
622 676 759 753 quamvis
782 675 939 751 probabili.
981 695 1035 734 nec
1054 677 1154 736 minus

169 783 241 824 renus
256 766 322 825 hiat

232 874 257 948 6,
271 875 333 933 446
355 871 497 932 Admetus
516 874 583 932 laco
597 891 662 932 calm
677 875 794 933 taudem
812 875 849 932 ab
868 874 936 932 orbe
953 874 1080 932 reductis
1094 892 1154 949 eqs.

169 977 204 1036 ubi
218 980 298 1040 variis
316 980 495 1053 rationibus
521 979 572 1039 sed
590 980 675 1038 nulla
694 979 844 1056 probabili
862 999 879 1047 ς
899 979 1042 1039 damnum
1060 1000 1154 1040 resar-

169 1068 314 1128 diaconati
333 1073 410 1128 sunt.
449 1071 541 1128 etiam

234 1179 257 1251 7,
271 1179 333 1237 205
353 1178 536 1252 Expectare
554 1178 621 1237 dedi
639 1195 705 1236 mcc
724 1181 765 1236 cst
782 1179 899 1236 cadara
912 1180 1047 1252 meique

169 1279 210 1339 huc
223 1284 349 1359 pertinet.
384 1305 453 1343 nam
468 1302 535 1355 -que
548 1286 618 1360 post
636 1302 701 1343 mcc
716 1284 858 1344 excidisse
881 1284 956 1343 mihi
978 1303 1155 1360 persuasum

169 1373 206 1428 est
234 1375 400 1451 saepissime
419 1375 498 1432 enim
514 1392 580 1447 -que
600 1374 742 1433 omissum
762 1377 815 1450 est,
834 1374 886 1432 ubi
903 1373 984 1433 linea
1002 1393 1056 1450 per
1073 1374 1154 1433 litte·

169 1461 246 1531 ranQ
268 1464 358 1523 ducta
382 1481 441 1538 qua
464 1463 673 1539 compendium
696 1463 821 1522 indicari
845 1463 974 1537 solebat,
998 1465 1076 1523 male
1099 1483 1154 1539 pro

169 1546 255 1610 delendi
272 1555 356 1631 signo
376 1555 422 1611 est
441 1544 600 1634 accepta.¹)

215 1646 306 1701 contra
325 1644 429 1703 auctus
448 1645 494 1701 est
512 1661 614 1701 versus
633 1662 693 1701 una
712 1642 829 1718 syllaba

233 1750 256 1823 5,
270 1751 333 1809 643
352 1749 413 1810 Hic
430 1767 491 1809 sese
509 1747 656 1824 Arqelicr‘s
674 1752 833 1809 immunem
850 1752 987 1810 screabat
1005 1751 1041 1810 ab
1061 1753 1154 1810 armis

169 1852 223 1911 sicut
232 1857 258 1914 in
272 1857 408 1916 omnibus
421 1856 573 1915 codicibus
588 1859 693 1931 exstat,
708 1857 767 1916 nisi
782 1857 861 1932 quod
874 1862 973 1917 servat
986 1861 1154 1917 correctura

169 1940 272 2004 effectum
295 1950 340 2006 est
363 1965 381 2004 a
399 1938 484 2018 ΒΨ,
503 1950 601 2005 servat
623 1947 768 2022 seriptum
790 1947 822 2004 in
842 1951 913 2006 Mb.
951 1947 1002 2006 sed
1021 1966 1088 2006 cum
1106 1966 1153 2006 cc-

169 2027 223 2091 lices
242 2055 304 2094 cum
332 2041 395 2095 Mb
420 2037 540 2113 cognati
566 2036 703 2094 screabat
731 2036 902 2113 exhibeant,
925 2036 957 2094 in
980 2037 1027 2096 his
1050 2057 1154 2095 verum

169 2123 304 2183 arrestum
321 2128 494 2184 revocatum
513 2143 575 2184 esse
595 2127 728 2200 apparet.

214 2211 334 2291 sinpilas
358 2218 459 2274 autem
485 2216 684 2290 corruptelas,
704 2234 779 2290 quac
798 2215 974 2292 plerumque
993 2217 1082 2274 unius
1101 2219 1154 2274 aut

169 2295 263 2361 inarum
283 2304 453 2363 litterarum
476 2305 559 2378 sunt,
583 2303 699 2362 adferre
722 2323 782 2363 non
807 2322 880 2381 opus
904 2308 957 2364 est.
999 2305 1038 2363 ad
1060 2325 1154 2363 unum

169 2387 267 2451 codicem
281 2412 382 2453 omnes
397 2395 514 2452 nostros
528 2392 625 2451 redire
640 2413 726 2451 nemo
740 2393 797 2451 ibit
811 2393 931 2452 infitias.
952 2414 1040 2469 quem
1053 2395 1152 2453 arche·

169 2476 243 2551 lypum
264 2486 332 2542 ante
355 2482 553 2541 Dracontium
576 2484 722 2558 scriptum
746 2501 808 2542 esse
832 2483 928 2543 efficio
953 2503 988 2542 ex
1011 2483 1152 2543 Dracont.

169 2561 286 2646 ch.10,
301 2573 375 2646 165,
398 2572 451 2630 ubi
469 2575 592 2646 implpcr
615 2573 676 2630 ales
700 2591 735 2630 ex
753 2572 922 2631 imitatione
944 2574 1003 2631 loci
1022 2572 1153 2631 Statiani

169 2650 231 2716 Theb.
245 2665 270 2733 1,
284 2663 348 2720 292
373 2660 486 2719 dictum
510 2663 562 2720 est.
600 2660 680 2719 idem
697 2662 730 2719 in
749 2661 887 2720 omnibus
906 2662 1057 2721 codicibus
1075 2665 1153 2721 anti-

169 2743 214 2815 quis
227 2751 380 2809 invenitur.
413 2753 513 2810 temen
532 2751 605 2826 quin
618 2753 699 2809 recte
713 2750 901 2810 emendatum
920 2752 961 2810 sit
978 2753 1010 2809 in
1028 2753 1151 2810 recenti·

169 2832 238 2896 nutu
254 2842 376 2915 impiper
394 2840 452 2899 alis
471 2839 609 2915 equidem
627 2859 688 2899 non
706 2839 819 2899 dubito.

213 2943 290 2988 unam
314 2932 415 2987 autem
443 2929 527 2987 iliam
551 2929 711 2988 Thebaidis
734 2932 908 2988 memoriam
935 2929 997 2988 iam
1020 2931 1152 3005 antiquis

169 3009 316 3089 teporibus
330 3019 361 3075 in
377 3018 451 3078 duas
466 3018 573 3078 abiisse
589 3020 706 3094 stupes,
726 3020 778 3093 qui
792 3021 904 3094 primus
920 3019 1078 3093 quaesivit,
1094 3038 1153 3093 qua

169 3102 251 3165 ratione
264 3109 343 3166 inter
357 3126 387 3166 se
403 3107 517 3166 codices
532 3107 664 3166 Statiani
684 3109 884 3180 cohaererent,
899 3106 971 3166 Otto
985 3108 1095 3166 Miiller
1108 3111 1152 3167 in·

169 3184 248 3254 litavit
268 3197 369 3272 potius
398 3217 489 3272 quam
511 3190 767 3268 demonstravit.²)
808 3217 878 3256 nam
901 3216 968 3256 cum
992 3196 1152 3256 editionem

169 3275 254 3343 lectam
272 3289 362 3362 atque
382 3287 514 3362 amplam
536 3285 622 3345 bonis
642 3286 783 3362 auspiciis
802 3288 973 3348 inchoatam
992 3305 1051 3344 non
1070 3287 1153 3346 ultra

169 3369 262 3433 >dnum
284 3376 426 3436 volumen
449 3376 636 3451 produxerit,
659 3377 871 3453 prolegomena
894 3376 1004 3452 quibus
1028 3379 1094 3435 erat
1116 3378 1153 3436 da

169 3460 283 3524 odicibus
307 3465 528 3542 disputaturus,
556 3464 774 3524 desiderantur.
816 3467 869 3541 qui
893 3485 963 3525 vero
990 3468 1059 3524 ante
1085 3485 1153 3524 eum

169 3553 266 3611 tatium
285 3555 451 3629 ediderunt,
470 3553 498 3613 ei
516 3555 572 3613 hoc
585 3555 634 3613 vel
652 3555 705 3614 illo
721 3554 820 3614 codice
835 3554 970 3614 adhibito
984 3557 1102 3614 textum
1120 3556 1153 3612 in

205 3743 230 3810 1)
249 3742 360 3796 ceterae
378 3740 552 3796 coniecturae
568 3741 676 3801 nullius
694 3746 787 3819 pretii
807 3749 884 3806 sunt.

197 3814 226 3877 s)
238 3811 268 3862 P.
281 3810 386 3882 Papini
394 3809 472 3866 Stati
486 3811 609 3871 Thebais
630 3821 660 3875 et
679 3821 829 3887 Achilleis
845 3827 862 3885 l
876 3833 954 3888 18ἵῦ
975 3845 1009 3902 p.
1019 3824 1093 3884 uli.
