2684 4317
221 433 313 490 XVIII
528 431 698 488 EDITORIS
716 431 922 487 PRAEFATIO

223 622 288 664 ores
306 603 399 664 libros
418 602 550 663 codicem
568 602 633 679 ipse
647 604 783 663 contulit.
813 604 895 662 cuius
915 602 1036 662 collatio
1056 621 1124 661 oum

222 696 359 752 accurate
377 695 431 752 aut
448 693 530 752 facta
549 694 660 752 sitaut
675 693 818 768 adhibita,
837 692 952 769 gaudeo
973 691 1053 768 quod
1071 693 1127 751 mil

222 782 337 842 leriana
355 784 489 858 suppetit
507 784 599 841 etiam
619 783 656 842 ad
674 785 853 859 posteriores
871 781 971 840 libros.

290 876 380 948 atque
399 873 430 929 in
444 871 536 930 titulo
550 871 649 947 operis
664 874 808 948 scriptum
823 877 881 930 est:
900 870 996 929 lNllP
1007 901 1014 913 ·
1026 863 1097 953 (sic)
1113 870 1127 929 I

222 962 340 1021 STATI
350 992 356 1004 ·
366 959 537 1019 PAPINII·
549 959 718 1019 SVRSVLI
729 991 735 1004 ·
746 957 986 1034 THEBAIDOS,
1005 963 1110 1020 contra

222 1052 382 1128 scriptione
405 1050 495 1128 primi
518 1050 589 1108 libri
611 1069 715 1108 verum
739 1069 846 1110 nomen
870 1054 1009 1126 apparet:
1033 1049 1065 1109 P.
1086 1049 1126 1109 Pl

223 1136 1125 1232 sulci-unuanincs-uria‘-1·uxrmon,ieieemqu

221 1248 313 1323 liquis
332 1246 416 1306 libris
431 1248 609 1307 constanter.
637 1246 742 1321 itaque
762 1245 936 1305 concludere
951 1245 1022 1305 licet
1036 1245 1125 1305 adult

222 1356 331 1419 nomen
349 1339 455 1413 postea
477 1337 508 1395 in
532 1337 609 1395 hanc
632 1353 752 1411 quoque
771 1334 919 1393 familiam
939 1353 1001 1394 esse
1020 1335 1124 1394 inlatui

222 1426 356 1503 opinioni
374 1427 457 1484 favet
476 1425 554 1501 quod
573 1427 641 1500 post
654 1423 746 1500 primi
764 1423 835 1482 libri
853 1425 977 1483 titulum
990 1424 1044 1483 illa
1058 1425 1123 1484 vita

221 1515 333 1594 legitur
349 1514 447 1574 medio
467 1532 541 1574 aevo
561 1515 704 1588 confecta,
726 1514 805 1573 unde
829 1513 939 1573 falsum
958 1533 1065 1573 nomen
1083 1516 1123 1572 im

221 1605 284 1664 veri
303 1605 400 1665 simile
420 1606 472 1663 est.
509 1622 611 1663 versus
636 1602 741 1679 scripti
761 1604 831 1662 sunt
853 1604 979 1681 siugulis
997 1603 1117 1682 paginis

221 1696 318 1770 quini,
343 1694 393 1769 qui
412 1712 552 1753 numerus
570 1693 719 1769 paulatim
738 1710 833 1768 usqne
852 1693 890 1750 ad
910 1693 1116 1770 quadragenos

220 1783 361 1843 ascendit.
404 1802 464 1841 uno
487 1783 561 1843 folio
579 1785 649 1860 post
667 1783 885 1861 sexagesimum
903 1783 1027 1841 tertium
1046 1784 1120 1842 exeis

221 1877 308 1932 amnt
331 1871 421 1932 Theb.
440 1875 467 1948 7,
483 1872 668 1932 cco—383.
710 1872 780 1931 inde
804 1889 822 1928 a
846 1871 936 1958 Tbeb.
959 1875 987 1943 7,
1003 1873 1065 1930 461
1092 1891 1119 1932 us

223 1964 251 2037 7,
263 1964 326 2022 700
342 1961 529 2040 quadrageni
537 1981 639 2022 versus
655 1960 782 2039 singulis
796 1961 916 2040 paginis
930 1960 1044 2020 exarati
1059 1979 1119 2020 sun¹

220 2071 377 2111 numerum
402 2052 441 2110 ad
460 2053 637 2128 exemplaris
657 2049 885 2109 similitudinem
905 2069 923 2109 a
946 2049 1069 2110 librario
1088 2070 1118 2111 se

220 2141 460 2200 existimaverim.
507 2160 577 2200 nam
603 2140 648 2200 ibi
675 2140 706 2198 in
730 2139 810 2198 calce
835 2139 924 2198 unius
949 2138 1117 2216 cuiusque]

221 2231 333 2309 singuli
347 2249 450 2290 versus
465 2232 543 2290 erasi
557 2232 627 2289 sunt
646 2229 800 2304 eidemque
815 2229 903 2287 initio
918 2230 1069 2305 sequentis
1082 2247 1116 2304 pa

222 2320 342 2395 quidem
361 2322 537 2394 atramento,
557 2320 594 2378 ab
612 2321 679 2395 ipso
698 2322 799 2378 tamen
818 2319 942 2377 librario
961 2317 1065 2376 additi.
1096 2337 1116 2377 ci

219 2410 367 2470 rationem
386 2428 444 2468 non
464 2408 601 2485 expedio,
625 2409 684 2467 nisi
704 2407 741 2465 ab
759 2408 812 2466 illo
831 2408 896 2467 loco
916 2407 1115 2484 exemplaris]

220 2499 379 2576 diligenter
402 2517 557 2574 expressae
577 2490 683 2576 sunt.¹)
721 2496 799 2573 quod
819 2497 969 2573 exemplar
987 2497 1106 2556 etiamsi

221 2587 368 2664 quadrare
390 2588 563 2662 videantur,
585 2606 646 2646 non
669 2605 737 2645 eum
761 2605 823 2646 esse
847 2586 977 2645 codicem
1000 2586 1084 2646 cuius
1108 2605 1114 2645 s

220 2678 421 2755 fragmentum
440 2677 594 2754 Lipsiense
617 2676 697 2734 iufra
721 2675 998 2736 demonstrabimus.
1040 2675 1091 2735 sed
1111 2703 1113 2728 t

221 2768 324 2826 statim
344 2785 362 2825 a
381 2767 479 2826 fronte
498 2766 569 2825 libri
586 2771 614 2824 B
633 2765 785 2842 exemplar
803 2767 921 2824 secutus
936 2765 1000 2825 est?
1037 2767 1113 2842 opim

221 2856 285 2916 vita
304 2855 384 2915 Stati
403 2856 520 2915 adiecta
539 2854 612 2914 ordo
631 2854 668 2913 ab
687 2854 774 2913 initio
793 2854 931 2914 turbatus
951 2855 1023 2913 erat.

287 2947 320 3004 in
336 2964 372 3005 ea
386 2964 504 3021 quoque
519 2964 551 3003 re
565 2943 677 3002 Miiller
689 2946 851 3020 praecipua
866 2943 973 3021 dignus
988 2947 1034 3002 est
1047 2944 1112 3003 lauc'

221 3053 280 3094 non
299 3035 395 3094 solum
415 3032 486 3109 quid
509 3051 587 3092 nunc
606 3032 638 3090 in
657 3033 757 3093 codice
780 3034 907 3113 legatur,
927 3033 1112 3110 diligentissn

221 3125 308 3199 tavit
331 3124 382 3184 sed
406 3125 497 3182 etiam
521 3123 736 3183 correctoribus
762 3123 887 3202 singulis
911 3141 966 3180 sua
985 3121 1111 3180 attribui

221 3216 341 3290 praeter
359 3233 426 3272 eum
441 3212 597 3271 librarium
613 3214 665 3288 qui
678 3215 794 3272 textum
809 3211 993 3288 conscripsit,
1012 3211 1111 3271 duoru

221 3323 304 3362 mum
322 3305 411 3362 notae
434 3303 522 3360 facile
546 3305 751 3361 secernuntur:
776 3302 839 3361 eius
863 3302 916 3378 qui
935 3300 1049 3360 scholia
1067 3301 1110 3360 ad«

222 3395 253 3452 et
261 3391 457 3452 recentissimi
467 3392 622 3452 cuiusdam
630 3394 805 3452 correctoris
812 3382 861 3450 13³.
873 3391 923 3449 hic
931 3393 1001 3466 post
1009 3391 1109 3450 saecul

222 3482 318 3541 multa
337 3480 516 3554 emendavit,
534 3481 631 3540 multa
649 3481 794 3555 restituit,
813 3499 889 3557 qnae
909 3479 1092 3554 antiquitate

292 3691 321 3756 1>
341 3688 439 3742 eodem
453 3687 566 3742 videtur
578 3687 719 3758 pertinere
734 3686 810 3755 quod
823 3685 872 3740 fol.
888 3691 922 3740 la
937 3684 1024 3740 Theb.
1035 3691 1060 3752 o,
1073 3691 1108 3740 141

205 3758 360 3828 octoginta
375 3775 475 3814 uersus
493 3777 552 3815 non
572 3758 609 3815 ab
623 3759 687 3830 ipso
700 3757 829 3826 librario,
842 3758 892 3813 aad
906 3757 942 3812 ab
957 3773 990 3812 eo
1005 3757 1055 3825 qui
1069 3757 1108 3812 eol

189 3828 317 3895 notarit,
340 3831 453 3901 scripti,
469 3836 549 3891 aunt.
