2684 4317
193 420 310 476 XXXIV
513 420 682 476 EDI‘IORIS
700 418 905 475 PRAEFATIO

194 592 322 650 tricenos
344 593 445 649 ternos
469 592 499 649 et
521 590 649 649 tricenos
674 608 767 649 senos
804 589 890 648 finito
913 591 1012 648 autern
1037 588 1114 648 libro

194 698 362 776 legebatur:
382 696 511 755 P·PAP
527 728 533 740 ·
549 697 683 756 STATII
698 727 704 740 ·
720 695 918 755 THuBAID·
933 697 1001 755 LIB
1012 727 1018 738 ·
1028 694 1118 754 VIIII

193 786 333 846 PLIOIT.
376 789 431 846 hoo
459 806 577 862 quoque
600 786 719 846 videtur
746 785 938 845 memorabile
966 786 1037 845 libri
1059 806 1117 844 nrm

195 877 321 954 singulis
335 877 454 954 paginis
468 877 513 934 ita
526 877 704 952 inscriptum
718 876 819 949 fuisse,
833 877 868 933 ut
881 875 955 934 folio
966 893 1051 935 verso
1066 875 1116 952 leg

194 966 324 1041 LIBER,
343 966 417 1025 folio
436 969 515 1024 recto
541 967 603 1024 eius
626 984 775 1024 numerus.
813 965 927 1023 decimo
947 965 1065 1023 saeculo
1084 983 1115 1023 co

195 1058 350 1115 exaratum
374 1073 436 1114 esse
460 1055 586 1130 censuit,
610 1054 662 1130 qui
686 1055 888 1132 fragmentum
915 1056 1072 1113 invenerat
1094 1053 1115 1111 V

194 1147 306 1212 marius
325 1144 457 1203 Harless.
485 1146 569 1202 cuius
587 1143 698 1204 iudicio
713 1143 891 1203 Schmitzius
906 1143 1029 1202 accedit.
1057 1143 1114 1202 ider

194 1235 261 1294 culo
281 1236 422 1310 sequente
437 1237 629 1292 correctorem
650 1233 798 1309 quendam
813 1233 1033 1292 emendationes
1053 1235 1113 1292 ets

194 1324 367 1401 glossasque'
386 1322 689 1383 addidisse-adnotat.

260 1414 336 1470 miro
356 1432 427 1472 casu
442 1412 550 1470 accidit
568 1415 603 1470 ut
616 1412 720 1488 paucis
737 1414 823 1470 annis
836 1411 1015 1471 intermissis
1034 1412 1066 1469 in
1086 1411 1111 1470 al

194 1502 326 1561 eiusdem
340 1501 450 1560 codicis
463 1501 635 1561 Werdensis
649 1502 852 1578 fragmentum
870 1501 902 1558 in
922 1500 1025 1560 eadem
1039 1501 1110 1561 Diisr

194 1592 278 1650 fiensi
296 1591 478 1650 bibliotheca
496 1590 641 1649 incideret
659 1589 825 1650 Guilelmus
850 1581 1034 1670 01·ecelius.1)
1063 1591 1109 1649 ite:

194 1684 266 1740 vata
290 1684 360 1739 sunt
383 1680 442 1738 duo
466 1680 540 1739 folia
565 1682 653 1739 unius
678 1681 882 1755 quaternionis
907 1682 997 1756 atque
1021 1679 1108 1754 XIII,

194 1789 316 1828 numero
340 1788 430 1845 supra
454 1771 565 1845 scripto
588 1769 747 1827 indicatur.
784 1769 910 1846 singulis
930 1788 1000 1828 vero
1023 1769 1108 1846 pagii

195 1860 259 1918 ceni
278 1859 363 1935 quini
377 1877 479 1919 versus
499 1859 613 1917 exarati
632 1861 711 1918 sunt.
739 1858 841 1934 itaque
855 1858 953 1934 prima
968 1859 1107 1935 leguntur

197 1951 225 2022 9,
237 1950 413 2021 325—269,
429 1949 524 2006 altera
536 1950 564 2022 9,
576 1949 758 2023 270—3043
772 1949 864 2007 tertia
874 1950 903 2022 9,
920 1948 1096 2022 rao—756,

196 2040 225 2112 9,
241 2039 404 2096 761—791
426 2037 470 2095 ita
488 2041 590 2096 tamen
609 2039 643 2095 ut
657 2036 795 2113 quaterni
810 2055 912 2096 versus
930 2039 962 2095 in
981 2036 1039 2094 fine
1058 2039 1105 2095 ter

195 2136 319 2202 quartae
337 2127 466 2203 paginae
484 2127 572 2185 recisi
590 2127 658 2186 sint.
693 2145 760 2184 oum
779 2129 879 2185 autem
897 2126 976 2185 inter
995 2126 1053 2185 duo
1071 2127 1105 2185 ill

195 2219 314 2276 servata
329 2215 534 2274 desiderentur
547 2235 649 2276 versus
665 2217 739 2290 422,
759 2233 808 2274 sex
827 2215 901 2274 folia
920 2215 999 2274 inter
1017 2233 1052 2274 ea
1072 2235 1104 2274 ex

194 2307 225 2362 in
248 2305 408 2381 propatulo
433 2306 490 2380 est,
513 2305 643 2381 primum
666 2305 760 2382 igitur
785 2309 815 2364 et
837 2305 977 2363 ultimum
1000 2306 1084 2364 tertii

121 2426 123 2429 ·
194 2395 398 2469 quaternionis
418 2394 523 2452 folium
542 2397 690 2454 tenemus:

195 3004 274 3080 quod
299 3003 501 3079 fragmentum
527 3021 710 3077 quamquam
734 3001 881 3061 Oreoelius
907 3005 1010 3060 utrum
1036 3002 1098 3061 deci

194 3093 350 3151 undecimo
365 3090 483 3150 saeculo
497 3090 689 3149 tribuendum
704 3093 744 3150 sit
762 3091 893 3166 dubitat,
912 3094 1014 3150 tamen
1033 3091 1072 3150 ad
1090 3111 1098 3151 ε

195 3183 325 3241 codicem
344 3179 537 3238 Werdeusem
556 3183 716 3257 utrumque
736 3181 936 3258 fragmentum
955 3183 1097 3257 pertinere

195 3274 305 3330 festum
324 3272 377 3330 est.
416 3287 486 3327 uam
505 3271 583 3328 sicut
603 3269 751 3330 Orecelius
770 3273 849 3329 recte
867 3270 1028 3346 perspexit,
1048 3288 1097 3328 cut

195 3362 303 3419 decimi
326 3358 530 3434 quaternionis
558 3360 665 3418 folium
690 3361 831 3418 ultimum
857 3358 1007 3434 quondam
1033 3358 1096 3418 finit

195 3469 283 3509 versu
308 3451 337 3524 9,
353 3451 370 3507 7
376 3449 416 3506 95
437 3479 480 3488 -
495 3467 565 3506 nam
589 3448 655 3507 folii
680 3449 779 3508 octavi
803 3451 945 3524 quattuor
968 3466 1070 3507 versus
1093 3469 1096 3525 j

196 3558 286 3613 supra
300 3535 469 3596 monuimus
484 3569 526 3576 -
541 3539 621 3595 inter
639 3538 702 3597 eius
716 3538 918 3615 fragmentum
937 3539 967 3595 at
982 3537 1095 3596 Schmit

195 3626 468 3703 undeseptuaginta
491 3645 594 3685 versus
622 3626 784 3703 intersunt,
807 3631 827 3687 i.
847 3628 905 3686 duo
929 3626 1058 3705 paginae
1076 3647 1095 3686 v

244 3815 274 3882 1)
292 3815 402 3871 Rboin.
418 3815 495 3872 Mus.
511 3821 549 3873 32
566 3819 661 3890 (lali)
681 3835 712 3888 p.
726 3821 881 3871 tbi—bbb.
