2684 4317
206 419 231 472 X
516 417 686 472 EDITORIS
705 417 912 472 PRAEFATIO

303 587 337 646 st
355 589 427 647 deas
445 583 509 665 <est
527 581 667 665 calmas>
685 589 769 647 nobis
787 582 861 665 <et>
882 591 1017 648 carmina
1035 591 1137 649 danai

304 678 364 735 Hic
382 679 434 737 tibi
446 679 608 751 praecipue
625 679 664 736 sit
676 696 760 751 parc
778 681 870 736 mente
889 678 1033 738 colendas.

206 786 355 859 sequitur:

305 909 373 967 Non
390 911 450 983 suit
467 911 526 967 istu
544 910 647 967 domas
662 927 720 982 pro
738 912 866 968 comicis
873 902 898 991 1)
917 913 998 984 fucta
1016 911 1134 971 duobus.

205 1036 259 1094 hos
278 1053 380 1094 versus
399 1034 490 1109 paulo
504 1038 574 1109 post
591 1035 692 1110 ipsum
707 1035 816 1093 librum
831 1037 1000 1094 confectum
1019 1037 1133 1112 scripto

205 1125 316 1183 Miiller
329 1124 387 1183 sibi
401 1123 559 1200 persuasit.
577 1125 652 1182 mihi
662 1143 732 1183 vero
747 1126 921 1183 recentioris
936 1125 1060 1203 originis
1077 1127 1133 1186 visi

207 1214 254 1272 cui
273 1215 439 1272 sententiae
459 1212 578 1272 videtur
596 1213 697 1271 favere
716 1232 819 1272 versus
837 1213 954 1290 prImus
968 1212 1118 1275 Leoninus

206 1302 363 1378 syllabum.
397 1305 516 1362 constat
535 1305 636 1361 antem
655 1322 758 1362 versus
777 1322 874 1378 neque
893 1303 930 1363 ab
950 1303 1015 1379 ipso
1034 1304 1131 1364 librar

206 1412 264 1468 que
288 1392 325 1450 ab
350 1393 469 1467 aequali
493 1394 658 1450 correctore
683 1410 744 1452 esse
769 1394 903 1468 scriptos.
947 1393 1027 1452 infra
1050 1413 1131 1470 eos]

205 1481 319 1558 primus
338 1500 439 1541 versus
457 1481 504 1539 bis
522 1483 668 1558 repetitus
687 1485 740 1541 est.

272 1574 373 1630 textus
395 1571 474 1630 binis
499 1570 644 1629 columnis
669 1591 809 1631 versuum
832 1572 924 1630 ferme
943 1571 1013 1630 XLI
1036 1573 1130 1648 script

206 1660 269 1719 sine
289 1660 418 1720 scholiis.
452 1678 487 1718 ac
506 1679 543 1718 ne
556 1662 821 1736 interpretationes
841 1661 963 1736 quidem
981 1662 1040 1720 nisi
1058 1681 1129 1721 rara

207 1769 264 1826 que
279 1751 376 1809 multo
391 1753 460 1826 post
474 1749 643 1825 adscriptae
653 1750 854 1809 inveniuntur.
872 1750 924 1810 sed
937 1752 1058 1826 praeter
1071 1751 1128 1811 libr

206 1840 305 1915 ipsum
315 1831 384 1921 (ΡΙ)
399 1839 530 1898 eiusdem
545 1841 652 1899 aetatis
668 1831 841 1920 corrector(
869 1830 895 1919 0)
910 1858 969 1899 non
983 1858 1079 1917 pauca
1092 1861 1128 1899 en

207 1929 261 2003 vit,
279 1949 355 2004 quae
375 1928 515 1988 librarius
534 1931 588 1987 aut
606 1931 730 2006 propter
750 1928 926 2004 exemplaris
947 1929 1018 2003 eius,
1037 1929 1116 1989 unde

206 2021 306 2078 textus
330 2018 535 2093 descenderat,
559 2018 705 2077 defectum
731 2022 786 2077 aut
804 2020 995 2096 neglegentia
1015 2021 1126 2078 omiser.

206 2110 390 2184 peccaverat.
426 2110 528 2166 tamen
547 2108 643 2166 multa
663 2107 847 2167 emendanda
864 2107 997 2183 reliquit.
1030 2128 1109 2185 quae

207 2198 285 2256 ratio
304 2197 471 2256 intercedat
488 2198 569 2256 inter
587 2189 627 2256 Ρ1
647 2200 677 2256 et
695 2199 743 2272 ΡΟ,
762 2197 842 2255 infra
862 2216 1049 2274 exponemus.

274 2286 312 2345 ab
332 2286 508 2362 aequalibus
522 2287 585 2346 illis
600 2288 778 2346 correcturis
792 2286 954 2364 diligenter
967 2287 1125 2347 secernend

207 2396 244 2435 ea
263 2396 339 2451 quae
359 2376 477 2435 saeculo
491 2376 549 2434 XII
564 2380 595 2435 et
608 2376 683 2434 XIII
702 2377 739 2434 ab
759 2376 826 2435 aliis
845 2378 963 2435 mutata
982 2379 1060 2452 sunt,
1080 2397 1124 2454 qu

207 2467 293 2544 signo
308 2468 346 2524 Pr
365 2465 591 2540 comprehendo.
620 2466 811 2541 nequeenim
830 2465 958 2543 singulis
977 2484 1032 2525 sua
1051 2467 1124 2525 distr

207 2574 314 2630 operae
337 2556 469 2631 pretium
492 2557 550 2631 est,
573 2559 732 2630 propterea
757 2555 837 2630 quod
861 2555 938 2613 nihil
959 2554 1030 2614 boni
1054 2558 1121 2615 attu

208 2645 269 2703 sive
294 2644 329 2702 de
354 2663 407 2703 suo
431 2646 538 2721 poetae
561 2663 733 2704 succurrere
757 2644 858 2703 conati
882 2648 965 2718 sunt,
984 2644 1046 2704 sive
1065 2665 1123 2704 rece

208 2734 338 2809 quodam
357 2734 456 2793 codice
476 2734 522 2794 usi
540 2726 645 2814 sunt.²)
675 2753 742 2793 cum
757 2737 859 2794 autem
878 2733 958 2809 apud
973 2737 1122 2793 celerose

207 2824 280 2900 quid
295 2823 415 2900 aequali
425 2823 592 2897 correctori,
603 2823 676 2899 quid
685 2822 901 2882 recentioribus
915 2823 1068 2895 debeatur,
1082 2843 1121 2883 no

208 2917 346 2973 accurate
360 2915 532 2991 separatum
548 2914 595 2988 sit,
611 2915 712 2972 variae
728 2913 916 2972 auctoritatis
931 2914 1091 2988 variaeque
1106 2932 1121 2973 o

207 3003 351 3062 lectiones
370 3022 429 3062 uno
453 3004 575 3061 nomine
599 3002 814 3080 significantur.
853 3020 996 3077 quaeres
1016 3005 1121 3077 quanti

207 3092 282 3169 ipsis
300 3095 407 3169 poetae
426 3092 525 3152 verbIs
540 3091 757 3151 constItuendis
771 3093 924 3165 momenti,
942 3110 1003 3150 uno
1019 3111 1120 3169 exemp

208 3202 242 3242 eo
262 3182 498 3241 luculentissimo
518 3180 637 3240 docebo.
677 3182 767 3240 Theb.
787 3185 836 3254 11,
852 3182 917 3241 490
937 3181 1016 3238 enim
1034 3183 1067 3239 in
1086 3201 1120 3242 vu

207 3271 292 3331 libris
312 3263 369 3352 (ω)
389 3271 432 3330 sic
451 3273 525 3330 exit:

308 3396 378 3454 dum
399 3395 530 3456 Cadmus
548 3400 617 3455 crat
635 3398 706 3455 dwm
725 3397 801 3455 cteta
820 3396 899 3453 cadit
915 3394 1037 3469 Sphinx.

281 3604 306 3672 1)
326 3605 428 3658 nonnis
447 3602 598 3672 legendnm
618 3601 778 3671 suspicatus
798 3603 841 3656 est
859 3602 969 3657 Miiller.
1003 3602 1050 3656 cui
1069 3619 1118 3657 con

205 3675 284 3728 haud
304 3674 362 3728 ecio
382 3691 418 3729 an
440 3675 567 3744 praestet
589 3674 717 3728 minis.
759 3675 835 3728 certe
854 3690 965 3729 versum
988 3689 1006 3728 a
1029 3673 1118 3729 librar

191 3745 409 3812 tranecnptum,
429 3763 488 3802 non
509 3745 699 3816 compositum
717 3745 749 3798 iu
766 3745 917 3816 propatulo
937 3746 987 3798 est.

251 3814 284 3878 2)
303 3816 460 3873 nonnullis
479 3817 555 3874 locis
574 3818 632 3876 hoc
652 3820 766 3876 eertum
784 3820 839 3887 eet,
855 3834 882 3872 e.
895 3835 923 3888 g.
937 3816 1115 3882 'thebata
