2684 4317
247 419 320 473 LXX
558 415 727 471 EDITORIS
746 413 952 470 PRAEFATIO

315 586 365 646 sed
389 588 459 647 nolo
484 587 636 644 cumulare
661 586 808 662 exempla:
832 584 1028 644 diffidendum
1052 603 1115 643 esse
1134 584 1214 661 vulga

247 677 331 736 libris
351 696 405 734 nee
423 679 524 735 tamen
540 678 651 733 temere
665 675 754 734 fidem
773 692 836 733 esse
851 672 1019 732 habendam
1032 672 1185 732 Puteaneo
1203 690 1213 733 s

247 770 301 824 oet.
339 767 443 840 itaque
462 764 642 839 ubicumque
666 764 742 822 duae
764 763 872 840 stirpes
891 762 1042 837 differunt,
1060 764 1158 821 utrius
1176 762 1212 820 les

246 857 343 932 magis
367 857 439 930 apta
462 853 503 912 sit
526 857 556 912 et
578 856 646 912 usui
670 851 809 912 Statiano
838 856 868 912 et
896 854 996 912 sensui
1022 851 1080 910 looi
1107 851 1212 928 diligen

247 942 456 1019 quaerendum.

544 1202 704 1269 CAPVT
729 1201 972 1280 QVARTVM

539 1328 574 1380 de
589 1327 698 1396 origine
713 1325 843 1395 stirpium
857 1343 885 1379 ω
900 1328 929 1378 et
943 1331 970 1379 P.

313 1462 374 1520 iam
393 1463 419 1520 si
438 1461 608 1537 quaerimus
629 1460 736 1536 quibus
755 1459 939 1535 temporibus
955 1478 1051 1535 quave
1066 1462 1207 1538 regiones

246 1554 334 1627 gatus
353 1551 405 1609 ille
420 1554 520 1609 textus
535 1551 717 1609 constitutus
733 1550 781 1623 sit,
801 1548 876 1607 duae
889 1567 937 1607 res
951 1550 1033 1607 viam
1047 1549 1206 1624 quodamm

247 1641 401 1700 ostendere
416 1643 549 1715 possunt.
569 1658 638 1698 nam
648 1639 785 1697 Alcimus
795 1637 904 1696 Avitus
915 1639 1072 1714 episeopus
1078 1638 1206 1697 Vienneu

247 1729 300 1804 qui
319 1728 495 1789 Gundebadi
514 1728 593 1806 regis
612 1727 861 1806 Burgundionum
885 1726 1020 1803 aequalis
1044 1729 1123 1801 erat,
1142 1727 1205 1786 esni

246 1819 403 1878 lectionem
422 1818 541 1877 videtur
563 1819 714 1890 imitatuS,
738 1835 828 1892 quam
853 1815 972 1874 exhibet
995 1838 1023 1874 ω
1043 1816 1134 1875 Theb.
1157 1818 1205 1890 3,:

246 1912 272 1966 et
289 1909 363 1979 forte
387 1908 525 1967 verendos
544 1908 664 1966 coneilio
682 1910 770 1980 putor
788 1907 851 1978 ipse
869 1907 956 1964 duces
975 1907 1090 1980 repebat
1106 1905 1204 1965 Adros

246 1997 281 2054 of.
301 1997 383 2055 Arit.
399 2015 488 2055 earm.
509 2000 538 2070 6,
550 1997 613 2054 509
637 1995 777 2054 verendos
795 1996 933 2068 reltptoae
952 2012 1041 2053 emes.
1078 2014 1137 2070 quo
1156 1996 1203 2055 loe

246 2091 272 2144 P
287 2088 447 2163 genuinam
462 2085 594 2144 servavit
608 2084 767 2144 lectionem
786 2085 930 2144 uerendus
944 2115 989 2124 -
1003 2102 1063 2159 qua
1082 2084 1118 2142 de
1137 2103 1169 2143 re
1186 2103 1202 2143 n

245 2175 320 2232 mihi
344 2174 492 2234 dubitatio
514 2177 617 2232 exorta
640 2177 699 2248 est,
722 2174 899 2251 praesertim
930 2193 997 2232 eum
1020 2174 1119 2232 minus
1143 2175 1202 2250 apt

245 2263 334 2322 duces
348 2264 431 2323 nullo
446 2267 477 2322 et
488 2264 635 2321 Adrastus
655 2263 771 2322 duobus
792 2262 933 2338 epithetis
950 2262 1051 2322 ornari
1065 2263 1201 2322 videatur

245 2352 379 2411 Alcimus
398 2355 515 2411 textum
529 2353 687 2430 vulgatum
705 2343 817 2432 legitl)
854 2351 906 2409 sed
924 2356 994 2410 utut
1012 2352 1067 2411 hoo
1085 2351 1151 2411 loco
1170 2369 1200 2411 rs

245 2442 343 2515 habet,
359 2443 486 2500 alterum
498 2445 597 2500 exstat
611 2445 831 2519 argumentum,
845 2441 925 2516 quod
936 2441 1038 2500 eodem
1053 2443 1177 2517 spectat.
1196 2441 1200 2497 t

246 2671 313 2718 18.1
334 2666 421 2734 praef.
438 2672 463 2731 6,
486 2668 563 2720 recto
582 2668 660 2720 stant
679 2665 746 2719 talo.
783 2663 854 2717 haee
878 2664 1039 2718 coniectura
1057 2664 1081 2718 si
1101 2678 1198 2718 verae

245 2736 269 2790 si
292 2737 410 2790 alteram
434 2737 588 2792 editionem
612 2755 654 2804 or,
679 2736 799 2792 alteram
822 2741 842 2787 Ρ
865 2736 1026 2804 praeberet,
1050 2735 1091 2790 eis
1115 2735 1194 2803 loeis,

245 2809 337 2878 gravis
353 2808 545 2878 discrepantia
558 2811 602 2863 est
616 2808 690 2862 inter
705 2809 775 2862 duas
790 2807 900 2876 stirpes,
916 2807 945 2859 in
959 2809 1079 2875 utraque
1094 2807 1182 2875 stirpe
1195 2828 1197 2860 ι

245 2896 382 2949 apparere
396 2897 514 2934 necesse.
526 2883 608 2935 esset.
638 2883 724 2947 atque
742 2895 775 2932 ex
789 2878 881 2932 tribus
895 2877 972 2941 locis,
988 2878 1091 2946 quibus
1111 2895 1191 2932 suam

245 2951 357 3005 nionem
376 2951 480 3004 firmari
500 2952 654 3006 arbitratur
674 2949 835 3015 Garrodius,
854 2968 926 3004 unus
945 2949 1030 3019 plane
1049 2949 1122 3003 nihil
1140 2948 1196 3002 faoi

244 3040 311 3077 rem.
349 3022 384 3076 of.
404 3023 526 3091 quaeda
543 3028 647 3091 10,490
667 3038 752 3092 supra
770 3040 797 3091 p.
812 3021 837 3073 X
848 3038 887 3088 sq.
905 3021 1091 3090 exposuimus.
1128 3021 1183 3074 nisi

244 3094 316 3148 forte
336 3110 369 3147 eo
388 3094 567 3164 potissimum
586 3094 648 3147 loeo
667 3111 735 3147 usus
754 3092 823 3146 velit
842 3092 998 3158 ostendere,
1017 3109 1074 3161 qua
1092 3092 1196 3146 ratione

244 3166 384 3220 maximae
402 3165 554 3220 varietates
573 3165 675 3219 exoriri
693 3163 845 3233 potuerint.
878 3180 930 3218 neo
948 3163 1012 3232 plus
1031 3164 1127 3218 valent
1150 3163 1187 3218 ed

244 3238 406 3306 opinionem
428 3237 606 3305 probandum
629 3236 733 3303 reliqui
756 3237 820 3289 duo.
857 3252 923 3288 nam
948 3237 976 3288 et
994 3242 1020 3302 4,
1033 3242 1084 3289 555
1107 3238 1136 3289 et
1156 3241 1195 3302 10,

244 3309 312 3375 quin
331 3308 417 3362 lectio
436 3315 456 3361 P
474 3309 557 3363 unice
575 3323 642 3363 vera
665 3308 712 3370 sit,
734 3322 826 3375 neque
846 3307 995 3374 quisquam
1015 3305 1156 3361 dubitavit
1174 3323 1194 3359 n

243 3382 337 3447 potest
361 3379 494 3433 dubitari.
533 3379 607 3448 quod
631 3395 697 3433 vero
721 3379 750 3432 in
775 3396 802 3432 ω
826 3380 931 3443 exstat,
959 3378 1043 3447 plane
1068 3377 1191 3432 ebenum

244 3451 356 3505 videtur
375 3454 471 3505 autem
490 3455 582 3505 ortum
601 3466 662 3503 esse
681 3467 763 3504 versu
782 3466 799 3503 a
818 3448 934 3503 librario
954 3449 1028 3504 lecto
1048 3452 1077 3503 et
1096 3466 1110 3503 e
1130 3466 1194 3503 men

244 3523 298 3575 seri
320 3525 357 3575 to.

300 3541 342 3662 p1)
362 3594 437 3660 quod
457 3592 612 3647 Claudiano
639 3592 755 3646 Sidonio
778 3595 887 3646 textum
906 3610 934 3646 ω
958 3596 1071 3662 praesto
1095 3591 1181 3646 fuisse

244 3664 337 3717 tendit
355 3663 508 3719 Garrodius
527 3665 615 3735 praef.
635 3682 661 3734 p.
677 3664 737 3731 VH,
763 3663 847 3717 velim
871 3665 1031 3718 accuratius
1054 3682 1118 3718 eum
1139 3661 1192 3716 ind

232 3735 341 3798 quibus
357 3736 431 3791 haee
451 3737 596 3792 sententia
614 3735 684 3791 locis
703 3735 819 3790 nitatur.
858 3750 924 3788 nam
943 3735 1073 3804 equidem
1094 3750 1155 3790 eam
1174 3751 1192 3787 n

212 3803 349 3859 refutate
364 3825 488 3875 possum
509 3826 608 3882 neque
626 3807 760 3881 probare.
