2684 4317
336 385 426 442 XXVI
522 378 523 382 ¹
640 386 809 442 ambolus
828 386 1033 442 PRAEFATIO

401 558 522 632 praeter
535 555 635 632 ipsum
649 559 767 616 textum
782 556 896 616 scholia
909 556 1062 632 adscripta
1078 560 1148 616 sunt
1163 556 1201 614 ad
1216 557 1225 615 '.

336 647 477 720 coc—2,
493 647 533 704 93
554 645 591 703 ab
610 645 677 721 ipso
696 645 829 705 librario.
852 645 949 724 igitur
967 665 1003 705 ex
1022 646 1137 706 duobus
1156 645 1225 704 folii

333 735 428 810 plaris
451 734 565 794 scholia
582 734 726 793 videntur
749 754 811 795 esse
835 735 1031 811 transcripta,
1054 735 1086 793 in
1109 734 1216 794 ceteris

335 824 416 899 qnod
435 823 559 883 sirecte
578 824 701 899 conicio,
724 824 755 882 in
777 824 939 900 exemplari
963 824 1090 902 singulis
1111 823 1225 901 paginis

333 912 442 972 triceni
460 913 539 971 terni
559 913 732 971 extiterunt.
770 917 870 972 textus
893 913 957 989 ipse
980 913 1114 974 utribus
1133 912 1225 972 librar

333 1002 430 1061 fectus
449 1005 502 1077 est,
526 1002 579 1078 qui
603 1002 750 1061 laudabili
774 1003 932 1081 diligentia
955 1003 1057 1080 potius
1082 1022 1173 1078 quam
1191 1021 1225 1078 pr

332 1111 457 1150 munere
481 1110 535 1150 suo
559 1091 657 1150 functi
682 1095 758 1150 sunt.
796 1095 878 1152 certe
901 1091 1186 1168 interpolationibus
1209 1111 1225 1150 n

271 1176 273 1179 ’
334 1182 377 1239 eis
395 1180 530 1239 indulsit.
562 1183 668 1256 itaque
687 1200 783 1256 pauca
801 1183 959 1240 restabant
978 1180 1163 1241 emendanda
1182 1200 1225 1241 coi

334 1269 385 1344 qui
410 1270 506 1328 altero
529 1268 629 1329 codice
653 1270 789 1329 adhibito
814 1271 962 1347 quaedam
985 1270 1152 1345 adnotavit,
1176 1290 1225 1348 a!

333 1377 421 1418 orcus
434 1361 515 1418 recte
529 1359 671 1418 librarius
687 1362 856 1436 scripserat,
871 1363 1021 1420 corrector
1035 1360 1133 1419 effecit
1148 1378 1225 1419 urceo

332 1451 378 1507 est
402 1448 489 1507 lectio
514 1448 649 1507 codicum
671 1454 818 1522 DLbuv
843 1450 950 1508 Turon.
995 1452 1023 1525 1,
1044 1452 1084 1509 74
1105 1453 1225 1523 pereae

331 1537 482 1613 plerisque
497 1537 656 1614 codicibus
671 1543 815 1599 carentem
824 1542 973 1599 corrector
983 1531 1030 1615 θ’,
1044 1539 1118 1598 item
1128 1543 1225 1610 Pap.

271 1626 273 1631 ’
331 1627 409 1700 fulta
429 1619 468 1685 0²
486 1646 520 1685 ex
539 1629 625 1702 fulcu
647 1628 785 1704 correxit,
807 1629 884 1702 fulta
908 1631 1006 1687 exstat
1028 1629 1059 1686 in
1083 1627 1167 1686 libris
1186 1633 1225 1687 Μ’

334 1721 361 1791 1,
379 1717 441 1774 223
456 1719 582 1791 pelopus
602 1709 640 1777 0¹
664 1720 841 1777 exaraverat
859 1717 1064 1777 consentiente
1087 1717 1118 1775 in
1143 1736 1225 1776 error

332 1825 420 1880 aneo,
438 1807 545 1881 petapo
573 1806 701 1866 conexit
725 1800 764 1867 0²
788 1807 866 1883 quod
891 1810 990 1866 exstat
1013 1807 1045 1866 in
1069 1798 1139 1887 eol).
1179 1809 1207 1872 1,

330 1897 480 1954 miseresce
503 1889 542 1955 θ’
565 1895 662 1954 effecit
685 1888 851 1978 misererel)
876 1896 958 1973 quod
980 1896 1093 1974 legitur
1115 1895 1147 1953 in
1165 1900 1203 1954 D.

331 1986 466 2043 Miratur
480 2005 516 2043 ex
525 1988 585 2043 -tus
600 1978 651 2060 0²3
666 1986 767 2045 hocin
782 1991 914 2046 PBMD
930 1988 1036 2061 exstat,
1050 1985 1128 2043 illud
1142 1984 1173 2042 in
1188 2007 1225 2045 ω.

328 2080 433 2184 perdas
457 2103 508 2169 0²:
529 2129 633 2183 percus
656 2116 729 2170 Pm:
751 2114 830 2186 peris
848 2116 921 2170 DN.
962 2111 1073 2184 7,134
1092 2110 1210 2184 plausit

328 2202 456 2272 tpressit
469 2218 614 2274 suprascr.
625 2192 727 2260 0²1st
752 2201 855 2276 itaque
871 2199 1021 2277 duplicem
1036 2198 1121 2257 nobis
1135 2198 1225 2258 codic<

331 2288 462 2347 sellanus
477 2308 596 2364 quoque
610 2292 827 2365 repraesentat,
847 2290 975 2349 alterum
994 2288 1092 2363 prima
1106 2307 1205 2363 manu,
1221 2308 1225 2346 ι

330 2398 422 2437 manu
441 2378 624 2437 correctoris
653 2379 744 2438 huius
763 2382 866 2438 autem
885 2379 986 2453 codex,
1006 2377 1036 2435 id
1052 2378 1130 2453 quod
1149 2376 1181 2434 in
1201 2395 1225 2454 a]

216 2491 224 2504 ·
330 2462 435 2526 critico
454 2468 550 2544 magis
565 2468 657 2526 etiam
676 2469 868 2545 perspicuum
887 2470 941 2541 est,
962 2486 1053 2544 qnam
1071 2465 1175 2542 paucis
1189 2486 1225 2542 pr

331 2557 481 2632 exemplis,
501 2557 600 2616 affinis
620 2561 685 2616 erat
708 2558 793 2617 libris
817 2576 885 2617 cum
903 2562 931 2616 D
951 2560 1017 2615 tum
1035 2561 1078 2615 M.
1117 2575 1183 2614 cum
1202 2575 1225 2616 v<

330 2646 404 2705 satis
422 2648 536 2705 multae
556 2650 674 2706 exstent
686 2648 831 2707 lectiones
846 2640 893 2723 0²,
913 2646 977 2705 eius
997 2645 1106 2705 codicis
1126 2643 1225 2705 admei

330 2755 416 2794 seura
436 2739 482 2795 est
500 2735 608 2814 imago.
1147 2761 1150 2766 ·

397 2827 513 2904 glossas
531 2845 616 2885 raras
634 2830 755 2903 praeter
773 2826 862 2886 illum
876 2829 1071 2885 correctorem
1091 2824 1128 2883 ab
1144 2824 1212 2883 aliis

330 2915 448 2975 additas
468 2935 530 2975 esse
549 2918 651 2975 monet
669 2916 778 2976 Weber
797 2916 816 2974 l.
831 2918 851 2975 l.
871 2936 899 2991 p.
918 2916 969 2974 20.
1006 2915 1086 2973 idem
1105 2914 1225 2974 collatio

329 3006 449 3065 videtur
467 3006 724 3065 accuratissimam
743 3008 775 3064 in
793 3005 847 3067 illo
868 3007 1091 3082 programmate
1111 3022 1225 3080 proposi

285 3112 317 3165 Κ
398 3097 498 3176 codice
513 3094 651 3154 Gudiano
667 3097 709 3154 54
725 3088 783 3177 (K)
799 3115 872 3157 usus
893 3096 938 3152 est
953 3093 1112 3167 Queckius,
1132 3092 1225 3152 deind

328 3205 455 3252 mannus
474 3186 506 3244 in
524 3184 692 3244 Achilleide
712 3185 836 3246 edenda.
865 3183 944 3243 idem
964 3203 1034 3242 eum
1052 3183 1090 3241 ad
1104 3182 1225 3241 Thebai«

329 3277 506 3342 censendam
526 3267 701 3357 adhibent)
735 3277 820 3335 cuius
835 3274 997 3337 collatione
1016 3274 1047 3331 in
1067 3272 1198 3332 editione
1217 3291 1225 3349 1

329 3371 401 3450 gata
421 3385 475 3444 ego
496 3383 614 3440 quoque
633 3368 710 3423 utor.
744 3364 793 3423 sed
814 3381 853 3427 ne
873 3367 984 3422 temere
1003 3365 1031 3421 ei
1050 3361 1209 3421 credidisse

327 3461 432 3539 rogavi
447 3454 608 3515 Ricardum
618 3454 735 3532 Burger
750 3453 882 3516 amicum
893 3450 1170 3527 Guelferbytanum,
1184 3454 1221 3511 nt

400 3650 426 3718 1)
445 3649 593 3714 utramque
611 3642 761 3697 lectionem
780 3648 802 3695 Ι)
823 3657 937 3716 quoque
956 3639 1077 3694 exhibet.

394 3722 422 3785 2)
439 3718 496 3771 boc
515 3715 600 3770 velim
619 3714 753 3784 suppleas
771 3713 802 3767 iu
823 3715 967 3788 apparatu
985 3711 1091 3765 critico.

382 3791 411 3855 c)
428 3787 575 3842 Achilleis
596 3793 668 3843 1879
689 3806 717 3858 p.
731 3785 766 3855 X,
784 3783 916 3846 Thebais
933 3789 1006 3840 1884
1020 3801 1050 3851 p.
1062 3782 1110 3836 IX.
