2684 4317
427 407 596 462 EDITORIS
615 406 822 463 PRAEFATIO
1048 407 1134 463 LXIX

128 577 225 636 llfiller
246 579 371 636 monuit.
404 577 597 636 nihilominus
620 580 650 636 et
673 577 881 635 Kohlmannus
905 581 936 636 et
954 577 1132 637 Wilkinsius

129 667 246 726 futtilem
263 667 350 725 illam
369 666 528 726 lectionem
541 667 670 742 amplexi
689 669 767 726 sunt.
805 667 837 722 iu
861 667 996 742 sequenti
1015 686 1133 742 quoque

129 775 204 814 versu
216 756 333 833 Vergili
351 756 432 814 loeus
440 747 465 837 ¹)
485 755 609 831 quidam
627 774 733 814 ansam
751 753 835 813 dedit
853 756 1003 814 mutandi:
1020 756 1134 828 pelidae

189 847 227 903 ad
243 849 340 904 arctos
359 864 400 902 m:
415 845 529 918 pelidae
545 889 550 901 .
567 891 572 902 .
589 846 641 902 .ia
659 846 758 903 dadas
777 835 902 925 (sieP1)
922 845 1028 921 proeul
1043 844 1133 903 dubio

130 952 219 992 verum
236 937 288 994 est.
327 935 417 991 etiam
438 936 500 1007 2‚9
521 935 678 993 transabiit
701 935 833 992 animam
852 933 946 992 multo
967 935 1133 1011 elegantius

132 1021 290 1082 dictumest
309 1041 400 1098 quam
420 1023 499 1098 quod
517 1041 619 1082 narsus
633 1023 751 1100 Vergili
769 1022 938 1082 imitatione
945 1015 970 1104 ²)
990 1026 1022 1080 in
1042 1046 1069 1080 ω
1088 1025 1132 1080 in·

132 1115 220 1186 repsit:
242 1113 401 1171 transabiit
422 1117 522 1170 casias.
560 1115 715 1187 praeterea
739 1112 775 1169 ef.
796 1112 881 1185 4,16
907 1115 937 1169 et
962 1112 1048 1185 5,13
1074 1131 1132 1186 quo

133 1199 185 1260 loeo
197 1193 362 1281 Vollmer³)
382 1200 541 1277 genuinam
559 1201 718 1260 lectionem
736 1202 888 1258 revocavit
902 1218 958 1272 qao
976 1202 1043 1273 fera
1061 1204 1135 1275 cepit

132 1288 223 1364 limps
250 1290 410 1349 exturbata
438 1291 608 1349 imitatione
628 1281 836 1369 Vergiliana&
867 1307 931 1348 eam
959 1292 1026 1363 fera
1048 1293 1134 1362 pon-it

132 1377 222 1452 diasps
240 1373 298 1462 (sie
317 1372 370 1460 ω).

185 1468 286 1527 deinde
308 1470 342 1526 in
366 1489 394 1525 ω
417 1471 571 1543 peceatum
596 1472 641 1527 est
665 1467 768 1526 eadem
791 1470 908 1527 ratione
933 1488 994 1544 qua
1016 1470 1133 1543 peccari

134 1555 194 1614 solet
209 1557 239 1617 in
252 1555 486 1617 transcribendis
505 1556 598 1615 libris.
627 1574 701 1615 nam
714 1559 833 1632 praeter
847 1559 1001 1616 oculorum
1021 1576 1133 1616 errores

134 1649 212 1704 mente
230 1665 350 1722 quoque
369 1649 524 1722 peceatum
543 1649 588 1705 est
607 1665 640 1705 eo
661 1646 740 1721 quod
764 1663 931 1722 synonyma
949 1647 998 1705 vel
1017 1645 1133 1705 vicinae

135 1736 250 1796 meones
272 1754 329 1811 pro
349 1736 487 1811 genuinis
506 1735 629 1794 vocibus
649 1734 917 1809 substituebantur,
936 1755 960 1793 e.
976 1755 1003 1811 g.
1025 1736 1131 1808 2126

136 1824 236 1896 eipdur
257 1830 298 1884 P:
324 1826 445 1898 erip-itur
468 1846 505 1882 ω.
552 1827 581 1899 3,
598 1826 637 1882 73
660 1827 750 1897 pestis
773 1829 812 1882 P:
833 1826 933 1899 gliscis
957 1847 993 1881 ω.
1026 1827 1070 1898 ¹3,
1091 1826 1132 1883 88

136 1907 286 1974 lacuerat
308 1918 349 1973 P:
373 1910 544 1972 Abstulerat
565 1936 601 1971 ω.
654 1915 763 1989 3,130
787 1916 888 1986 ripaei
909 1919 949 1972 P:
972 1914 1083 1987 repleat
1105 1937 1133 1970 ω

138 1998 233 2078 elinque
246 2004 358 2076 multa,
379 2021 560 2078 quamquam
578 2007 655 2062 neP
676 2002 796 2078 quidem
816 2022 834 2060 a
851 2001 965 2061 talibus
985 2003 1133 2061 erroribus

137 2087 253 2153 iumums
267 2095 323 2166 est,
342 2110 366 2149 e.
382 2112 410 2168 g.
426 2093 462 2150 ef.
480 2093 582 2166 1,572
603 2095 699 2151 saeuis
714 2113 755 2150 m:
774 2095 891 2151 maestis
909 2097 935 2150 P
955 2091 1007 2150 ubi
1026 2092 1133 2150 fortius

138 2179 288 2240 venabulum
317 2181 481 2240 desiderari
508 2183 667 2256 praecipue
699 2184 823 2256 propter
852 2181 1005 2240 notionem
1033 2198 1134 2240 aeaeae

139 2261 274 2329 Gtuodius
289 2273 372 2329 reete
387 2270 495 2340 sensit3
512 2271 569 2343 9,9
593 2269 734 2329 Cadmeia
743 2271 837 2344 pubes
852 2290 892 2329 a:
914 2270 1054 2330 Cadmeia
1063 2288 1134 2343 pre-

139 2351 200 2417 a?
221 2362 325 2419 mntra
349 2359 432 2417 Stati
454 2375 549 2432 usum,
573 2361 626 2434 qui
648 2377 720 2417 voce
738 2360 838 2432 proles
861 2359 920 2417 nisi
941 2359 977 2416 de
1001 2359 1134 2417 naturali

139 2450 288 2522 emtione
313 2467 376 2507 non
403 2449 509 2505 utitur.
550 2447 631 2507 haud
653 2466 723 2507 raro
748 2448 840 2507 etiam
863 2448 1021 2507 verborum
1045 2447 1134 2507 colle

139 2536 257 2598 utonem
276 2537 403 2614 proprio
418 2537 514 2594 Marte
532 2536 706 2595 immutavit
724 2537 749 2594 is
769 2555 787 2595 a
807 2537 889 2596 euius
909 2556 999 2613 opera
1019 2536 1133 2596 codices

138 2641 156 2678 w
169 2627 295 2700 pendent.
335 2644 454 2702 semper
471 2626 504 2683 iu
521 2626 578 2684 hae
596 2645 627 2684 re
645 2626 766 2685 videtur
784 2629 936 2702 praestare
955 2632 988 2685 P.

182 2716 317 2792 plurimis
332 2717 435 2774 autem
455 2714 528 2774 loeis
547 2714 747 2775 difficiliorem
761 2735 852 2791 quam
866 2721 892 2774 P
911 2715 1035 2791 praebet
1050 2716 1134 2774 leati-

134 2816 207 2878 onem,
220 2828 247 2865 ω
266 2808 299 2864 in
314 2805 474 2882 vulgarem
488 2822 523 2862 ae
536 2805 641 2863 tritam
655 2805 867 2881 pessumdedit.
893 2806 930 2864 ef.
950 2825 973 2862 e.
985 2826 1012 2882 g.
1029 2808 1058 2878 3,
1069 2806 1132 2863 412

132 2888 170 2949 ubi
185 2913 250 2953 eum
268 2894 377 2954 calidis
397 2891 604 2970 quodeptime
619 2893 800 2968 dictumest,
819 2914 878 2954 non
897 2894 1133 2971 intellegeretur,

129 2978 311 3060 inanemque
330 2984 469 3058 ineptum
484 2982 663 3041 attributum
683 2984 773 3041 roseis
792 2983 988 3043 substitutum
1007 2986 1059 3043 est.
1089 3002 1133 3040 er-

128 3085 191 3131 rores
213 3077 315 3133 autem
339 3090 356 3130 e
381 3071 550 3130 minuscula
573 3070 722 3146 scriptura
747 3071 902 3146 repetendi
930 3092 989 3131 nou
1016 3075 1134 3131 exstant

128 3174 280 3222 wmmunes
300 3163 334 3220 in
353 3166 381 3220 P
401 3162 431 3219 et
450 3150 514 3239 (6.6)

182 3299 207 3365 1)
224 3298 296 3351 Aen.
313 3301 339 3362 6,
356 3299 390 3348 16
410 3293 515 3363 pelides
534 3336 539 3348 .
556 3336 562 3348 .
579 3337 584 3348 .
604 3295 642 3349 ad
661 3296 767 3349 Arctoe.

182 3372 207 3438 2)
226 3368 262 3423 ef.
283 3369 355 3421 Aen.
372 3369 461 3428 9,432
480 3367 552 3421 ensis
633 3367 783 3421 transabiit
801 3372 895 3420 costas.

181 3443 206 3510 6)
224 3439 328 3493 Rhein.
344 3436 418 3490 Mus.
434 3441 467 3489 bl
487 3438 587 3505 (1696),
607 3455 633 3507 p.
645 3443 688 3491 29.

180 3515 208 3577 4)
225 3511 260 3565 ef.
280 3511 355 3565 Aen.
372 3513 397 3573 a,
409 3512 452 3560 re.
474 3512 515 3572 10,
528 3513 586 3561 103.
1043 3545 1045 3550 .

180 3585 206 3652 6)
223 3584 301 3637 errat
321 3581 360 3634 de
378 3580 434 3632 hae
452 3595 482 3632 re
501 3577 652 3633 Garrodius
673 3579 760 3649 praef.
776 3597 802 3648 p.
818 3578 868 3632 VI:
892 3595 965 3645 quae
984 3578 1050 3631 inde
1070 3595 1133 3631 con·

128 3649 200 3720 lusit,
217 3653 330 3710 futtilia
350 3653 426 3705 eunt.
455 3648 551 3718 itaque
565 3668 616 3704 nee
636 3651 711 3718 quod
726 3651 761 3704 de
776 3650 930 3720 archetype
949 3650 1137 3705 6666161666-

128 3720 201 3780 lieum
215 3730 244 3782 et
256 3731 279 3780 P
293 3728 324 3780 et
335 3741 366 3778 ω
382 3720 496 3775 saeculo
508 3720 567 3778 fere
582 3725 682 3782 octavo
699 3724 807 3800 scripto
822 3741 877 3784 uee
892 3725 974 3799 qued
988 3724 1025 3782 be
1039 3721 1157 3794 duplum

128 3790 256 3852 liutadi,
264 3795 396 3850 editione
400 3792 524 3862 protulit
537 3797 646 3858 abusus
657 3800 752 3862 Theb.
770 3809 817 3877 12,
827 3807 885 3862 eia
895 3821 944 3876 66.
959 3801 1037 3859 suu.
1048 3793 1175 3870 epte-ei·
