2684 4317
228 386 271 448 22
590 383 620 436 Ρ.
639 381 764 436 ΡΑΡΙΝΙ
783 381 887 436 STATI

226 551 368 612 exertare
392 568 520 611 umeros
544 546 729 629 nudamque
751 547 906 609 lacessere
930 567 1086 632 pugnam.

228 637 343 701 celsior
366 635 421 699 ille
446 636 547 720 gradu
571 656 704 718 procera
728 634 762 698 in
784 633 928 698 membra
951 635 1116 718 simulque
1145 680 1151 687 -

226 726 352 810 integer
375 746 543 806 annorum,
566 724 711 788 sednon
735 728 767 788 et
789 723 912 787 viribus
936 723 1022 789 infra
1195 738 1224 789 st

226 814 336 897 Tydea
358 814 422 877 fert
444 815 579 896 animus,
602 817 755 896 totosque
778 812 885 877 infusa
908 833 966 895 per
990 817 1081 878 artus

226 904 330 966 maior
353 903 385 965 in
411 904 529 988 exiguo
551 903 710 987 regnabat
733 923 868 986 corpore
892 902 1005 966 virtus.
1101 956 1104 960 .

226 993 289 1056 iam
315 992 443 1056 crebros
467 991 551 1057 ictus
575 1013 632 1055 ora
655 995 688 1055 et
712 1012 788 1054 cava
812 995 959 1075 tempora
983 995 1105 1056 circum

227 1082 337 1146 obnixi
363 1081 573 1166 ingeminant,
598 1082 737 1145 telorum
760 1085 816 1144 aut
840 1080 1007 1166 grandinis
1031 1080 1137 1145 instar

227 1170 400 1253 Riphaeae,
424 1170 573 1253 flexoque
597 1191 683 1254 genu
707 1191 808 1234 vacua
831 1168 887 1232 ilia
911 1169 1063 1233 tundunt.
1191 1182 1218 1233 n

226 1281 292 1323 non
316 1259 409 1323 aliter
432 1281 528 1342 quam
551 1258 665 1323 Pisaeo
691 1280 748 1322 sua
770 1259 873 1322 lustra
896 1257 1037 1323 Tonanti

227 1370 299 1413 cum
323 1348 458 1412 redeunt
481 1347 652 1430 erudisque
676 1346 782 1410 virum
806 1347 979 1412 sudoribus
1003 1347 1096 1413 ardet

227 1439 348 1521 pulvis,
372 1441 406 1501 at
429 1437 506 1502 hinc
529 1440 657 1501 teneros
682 1457 797 1500 caveae
821 1435 984 1501 dissensus
1009 1437 1152 1520 ephebos

227 1528 377 1609 concitat,
400 1528 612 1609 exclusaeque
636 1529 808 1609 expectant
830 1526 974 1610 praemia
997 1529 1131 1591 matres:

227 1617 273 1680 sio
297 1617 416 1679 alacres
441 1616 516 1680 odio
539 1615 693 1698 nullaque
718 1614 867 1699 cupidine
891 1614 996 1679 laudis
1069 1646 1071 1650 ·
1192 1626 1215 1679 41

227 1707 353 1769 accensi
377 1706 554 1787 incurrunt,
579 1707 742 1768 serutatur
765 1707 798 1768 et
821 1704 935 1768 intima
958 1705 1070 1768 vultus

227 1816 311 1857 unca
334 1815 448 1857 manus
473 1793 666 1877 penitusque
691 1793 794 1858 oculis
818 1792 1006 1858 cedentibus
1031 1793 1139 1859 intrat.

227 1883 336 1947 forsan
360 1886 391 1947 et
415 1884 574 1946 accinctos
598 1883 692 1946 lateri
715 1919 760 1929 —
784 1882 831 1948 sic
853 1883 902 1946 ira
923 1882 1050 1947 ferebat
1078 1920 1117 1930 -

227 1971 402 2035 nudassent
426 1993 526 2054 enses,
550 1972 730 2055 meliusque
753 1970 927 2036 hostilibus
952 1972 1050 2036 armis

227 2061 386 2146 lugendus
409 2061 511 2143 fratri,
534 2061 659 2125 iuvenis
684 2059 845 2145 Thebane,
869 2061 996 2142 iaceres,
1193 2074 1214 2149 41

226 2151 261 2213 ni
285 2172 349 2232 rex,
372 2149 540 2214 insolitum
563 2150 737 2214 clamorem
760 2153 793 2212 et
816 2154 946 2232 pectore
970 2148 1011 2214 ab
1036 2149 1103 2215 alto

228 2238 399 2303 stridentes
423 2241 563 2324 gemitus
585 2240 691 2303 noctis
715 2239 851 2303 miratus
875 2239 908 2302 in
932 2238 1066 2320 umbris,

228 2329 384 2392 movisset
407 2349 545 2412 grassae,
568 2328 694 2413 magnis
714 2328 766 2391 cui
789 2326 898 2391 sobria
921 2329 1006 2392 curis

299 2544 351 2592 413
377 2540 462 2594 class.
492 2541 573 2593 Aact.
599 2538 642 2592 ed.
666 2537 725 2591 Mai
748 2537 786 2590 IX
811 2557 838 2607 p.
860 2543 910 2592 195
944 2540 1070 2593 exertare
1100 2538 1213 2594 denuda

228 2609 348 2664 Statius:
368 2613 495 2664 exertam
514 2610 645 2665 humeros
724 2615 776 2664 415
797 2611 884 2665 Prisc.
900 2609 947 2665 GL
961 2609 987 2663 Π
1006 2615 1118 2676 299,12
1137 2616 1213 2681 propt

229 2684 415 2736 commaticam
443 2681 552 2751 Tydea:
580 2681 688 2735 Statius
716 2681 746 2733 in
769 2681 794 2735 l:
825 2698 876 2735 nee
905 2698 960 2735 non
989 2683 1018 2735 et
1038 2721 1067 2735 ..
1087 2682 1196 2737 animus

228 2759 279 2876 {317
304 2752 377 2806 Serv.
398 2752 498 2822 Georg.
518 2760 547 2820 4,
567 2758 601 2806 83
631 2751 752 2807 Statius:
780 2753 871 2806 maior
953 2753 1056 2821 virtus3
1094 2756 1129 2821 cf.
1158 2752 1212 2808 Solu

253 2842 310 2877 ern.
330 2826 396 2879 ibid.

301 3043 353 3091 413
373 3037 537 3091 humeros?
609 3043 661 3091 415
682 3036 731 3091 sed
750 3043 812 3092 Pm:
837 3056 888 3093 nee
908 3040 995 3093 Prisc.
1057 3008 1197 3105 eiviribns

282 3148 334 3197 416
353 3146 485 3212 totosque
499 3149 554 3199 ru:
583 3147 658 3198 totos
683 3121 737 3214 (ils
757 3119 816 3210 nni
836 3165 864 3199 ω
941 3151 992 3199 410
1011 3147 1196 3215 geminante

228 3257 280 3304 410
309 3228 431 3303 lincunt
464 3250 514 3305 v:
547 3229 668 3320 sinuant
697 3251 743 3310 e12
782 3253 904 3306 tendunt
931 3272 957 3319 μ
1048 3258 1100 3307 411
1132 3254 1208 3309 rader

228 3329 275 3376 1²1:
306 3322 427 3375 reddunt
456 3341 484 3377 ω
576 3328 628 3377 428
653 3323 796 3377 dissensus
820 3341 854 3378 01
882 3324 967 3378 diste·
992 3324 1026 3377 1³¹
1100 3325 1208 3380 efoebor

282 3399 335 3446 425
364 3393 417 3446 Hic
445 3399 463 3444 0
526 3395 677 3462 nullaeque
711 3396 812 3448 Toron.
896 3401 947 3448 426
977 3398 1140 3461 scrutantur
1163 3396 1198 3450 1¹

228 3500 330 3553 intima
358 3517 391 3554 ex
416 3499 471 3553 ult
495 3501 529 3553 1³¹
611 3507 662 3554 427
685 3500 893 3575 {cedentibus
917 3505 1038 3584 (re-iti:
1067 3480 1157 3559 reced·
1183 3522 1198 3557 r

228 3624 318 3677 intrat
340 3630 371 3679 1³:
397 3625 488 3679 instat
511 3629 554 3696 (ex
582 3630 645 3682 -ant
668 3630 696 3694 0)
720 3645 748 3681 ω
835 3633 887 3681 429
908 3576 1036 3702 hostibus
1056 3627 1092 3682 1¹:
1122 3628 1210 3685 hostib

224 3696 329 3748 faran.
406 3702 457 3751 431
479 3698 626 3753 insolitum
647 3716 680 3754 eae
699 3700 794 3752 -tusc
876 3705 928 3753 433
948 3699 1042 3752 sobria
1060 3704 1127 3755 Por:
1156 3716 1211 3757 sau

206 3765 421 3826 Laehrrrannus
